%YAML 1.1
%TAG !u! tag:unity3d.com,2011:
--- !u!1 &475603356517545307
GameObject:
  m_ObjectHideFlags: 0
  m_CorrespondingSourceObject: {fileID: 0}
  m_PrefabInstance: {fileID: 0}
  m_PrefabAsset: {fileID: 0}
  serializedVersion: 6
  m_Component:
  - component: {fileID: 475603356517545304}
  - component: {fileID: 7431816490748030885}
  m_Layer: 5
  m_Name: NoIntro
  m_TagString: Untagged
  m_Icon: {fileID: 0}
  m_NavMeshLayer: 0
  m_StaticEditorFlags: 0
  m_IsActive: 1
--- !u!224 &475603356517545304
RectTransform:
  m_ObjectHideFlags: 0
  m_CorrespondingSourceObject: {fileID: 0}
  m_PrefabInstance: {fileID: 0}
  m_PrefabAsset: {fileID: 0}
  m_GameObject: {fileID: 475603356517545307}
  m_LocalRotation: {x: 0, y: 0, z: 0, w: 1}
  m_LocalPosition: {x: 0, y: 0, z: -100}
  m_LocalScale: {x: 1, y: 1, z: 1}
  m_Children:
  - {fileID: 7844999153813709970}
  - {fileID: 6318906028327350638}
  m_Father: {fileID: 0}
  m_RootOrder: 0
  m_LocalEulerAnglesHint: {x: 0, y: 0, z: 0}
  m_AnchorMin: {x: 0, y: 0}
  m_AnchorMax: {x: 1, y: 1}
  m_AnchoredPosition: {x: 0, y: 0}
  m_SizeDelta: {x: 0, y: 0}
  m_Pivot: {x: 0.5, y: 0.5}
--- !u!114 &7431816490748030885
MonoBehaviour:
  m_ObjectHideFlags: 0
  m_CorrespondingSourceObject: {fileID: 0}
  m_PrefabInstance: {fileID: 0}
  m_PrefabAsset: {fileID: 0}
  m_GameObject: {fileID: 475603356517545307}
  m_Enabled: 1
  m_EditorHideFlags: 0
  m_Script: {fileID: 11500000, guid: fe3b4432667fee9489d913c8d325682b, type: 3}
  m_Name: 
  m_EditorClassIdentifier: 
  _fontSize: 25
  _fontAsset: {fileID: 0}
  _minTimePerCharacter: 0.001
  _leftProta: {fileID: 7871657185158522182}
  _leftEmotions: []
  _rightProta: {fileID: 7871657185867825460}
  _rightEmotions: []
  _textBox: {fileID: 7871657186971402060}
  _text: {fileID: 7871657186216628375}
  _dialogueList: []
  _uiPanelList: []
--- !u!1 &6649798924235155080
GameObject:
  m_ObjectHideFlags: 0
  m_CorrespondingSourceObject: {fileID: 0}
  m_PrefabInstance: {fileID: 0}
  m_PrefabAsset: {fileID: 0}
  serializedVersion: 6
  m_Component:
  - component: {fileID: 7844999153813709970}
  m_Layer: 0
  m_Name: Panels
  m_TagString: Untagged
  m_Icon: {fileID: 0}
  m_NavMeshLayer: 0
  m_StaticEditorFlags: 0
  m_IsActive: 1
--- !u!224 &7844999153813709970
RectTransform:
  m_ObjectHideFlags: 0
  m_CorrespondingSourceObject: {fileID: 0}
  m_PrefabInstance: {fileID: 0}
  m_PrefabAsset: {fileID: 0}
  m_GameObject: {fileID: 6649798924235155080}
  m_LocalRotation: {x: -0, y: -0, z: -0, w: 1}
  m_LocalPosition: {x: 0, y: 0, z: 0}
  m_LocalScale: {x: 1, y: 1, z: 1}
  m_Children: []
  m_Father: {fileID: 475603356517545304}
  m_RootOrder: 0
  m_LocalEulerAnglesHint: {x: 0, y: 0, z: 0}
  m_AnchorMin: {x: 0, y: 0}
  m_AnchorMax: {x: 1, y: 1}
  m_AnchoredPosition: {x: 0, y: 0}
  m_SizeDelta: {x: 0, y: 0}
  m_Pivot: {x: 0.5, y: 0.5}
--- !u!1001 &6603511108805730464
PrefabInstance:
  m_ObjectHideFlags: 0
  serializedVersion: 2
  m_Modification:
    m_TransformParent: {fileID: 475603356517545304}
    m_Modifications:
    - target: {fileID: 870639280558477774, guid: a8a2d32ee84b0535b83045b78b5f0b45, type: 3}
      propertyPath: m_Pivot.x
      value: 0.5
      objectReference: {fileID: 0}
    - target: {fileID: 870639280558477774, guid: a8a2d32ee84b0535b83045b78b5f0b45, type: 3}
      propertyPath: m_Pivot.y
      value: 0.5
      objectReference: {fileID: 0}
    - target: {fileID: 870639280558477774, guid: a8a2d32ee84b0535b83045b78b5f0b45, type: 3}
      propertyPath: m_RootOrder
      value: 1
      objectReference: {fileID: 0}
    - target: {fileID: 870639280558477774, guid: a8a2d32ee84b0535b83045b78b5f0b45, type: 3}
      propertyPath: m_AnchorMax.x
      value: 1
      objectReference: {fileID: 0}
    - target: {fileID: 870639280558477774, guid: a8a2d32ee84b0535b83045b78b5f0b45, type: 3}
      propertyPath: m_AnchorMax.y
      value: 1
      objectReference: {fileID: 0}
    - target: {fileID: 870639280558477774, guid: a8a2d32ee84b0535b83045b78b5f0b45, type: 3}
      propertyPath: m_AnchorMin.x
      value: 0
      objectReference: {fileID: 0}
    - target: {fileID: 870639280558477774, guid: a8a2d32ee84b0535b83045b78b5f0b45, type: 3}
      propertyPath: m_AnchorMin.y
      value: 0
      objectReference: {fileID: 0}
    - target: {fileID: 870639280558477774, guid: a8a2d32ee84b0535b83045b78b5f0b45, type: 3}
      propertyPath: m_SizeDelta.x
      value: -524.31
      objectReference: {fileID: 0}
    - target: {fileID: 870639280558477774, guid: a8a2d32ee84b0535b83045b78b5f0b45, type: 3}
      propertyPath: m_SizeDelta.y
      value: -252
      objectReference: {fileID: 0}
    - target: {fileID: 870639280558477774, guid: a8a2d32ee84b0535b83045b78b5f0b45, type: 3}
      propertyPath: m_LocalPosition.x
      value: 0
      objectReference: {fileID: 0}
    - target: {fileID: 870639280558477774, guid: a8a2d32ee84b0535b83045b78b5f0b45, type: 3}
      propertyPath: m_LocalPosition.y
      value: 0
      objectReference: {fileID: 0}
    - target: {fileID: 870639280558477774, guid: a8a2d32ee84b0535b83045b78b5f0b45, type: 3}
      propertyPath: m_LocalPosition.z
      value: 0
      objectReference: {fileID: 0}
    - target: {fileID: 870639280558477774, guid: a8a2d32ee84b0535b83045b78b5f0b45, type: 3}
      propertyPath: m_LocalRotation.w
      value: 1
      objectReference: {fileID: 0}
    - target: {fileID: 870639280558477774, guid: a8a2d32ee84b0535b83045b78b5f0b45, type: 3}
      propertyPath: m_LocalRotation.x
      value: 0
      objectReference: {fileID: 0}
    - target: {fileID: 870639280558477774, guid: a8a2d32ee84b0535b83045b78b5f0b45, type: 3}
      propertyPath: m_LocalRotation.y
      value: 0
      objectReference: {fileID: 0}
    - target: {fileID: 870639280558477774, guid: a8a2d32ee84b0535b83045b78b5f0b45, type: 3}
      propertyPath: m_LocalRotation.z
      value: 0
      objectReference: {fileID: 0}
    - target: {fileID: 870639280558477774, guid: a8a2d32ee84b0535b83045b78b5f0b45, type: 3}
      propertyPath: m_AnchoredPosition.x
      value: 0.8449707
      objectReference: {fileID: 0}
    - target: {fileID: 870639280558477774, guid: a8a2d32ee84b0535b83045b78b5f0b45, type: 3}
      propertyPath: m_AnchoredPosition.y
      value: 0
      objectReference: {fileID: 0}
    - target: {fileID: 870639280558477774, guid: a8a2d32ee84b0535b83045b78b5f0b45, type: 3}
      propertyPath: m_LocalEulerAnglesHint.x
      value: 0
      objectReference: {fileID: 0}
    - target: {fileID: 870639280558477774, guid: a8a2d32ee84b0535b83045b78b5f0b45, type: 3}
      propertyPath: m_LocalEulerAnglesHint.y
      value: 0
      objectReference: {fileID: 0}
    - target: {fileID: 870639280558477774, guid: a8a2d32ee84b0535b83045b78b5f0b45, type: 3}
      propertyPath: m_LocalEulerAnglesHint.z
      value: 0
      objectReference: {fileID: 0}
    - target: {fileID: 9125001666563616613, guid: a8a2d32ee84b0535b83045b78b5f0b45, type: 3}
      propertyPath: m_Name
      value: Dialogues
      objectReference: {fileID: 0}
    m_RemovedComponents: []
  m_SourcePrefab: {fileID: 100100000, guid: a8a2d32ee84b0535b83045b78b5f0b45, type: 3}
--- !u!224 &6318906028327350638 stripped
RectTransform:
  m_CorrespondingSourceObject: {fileID: 870639280558477774, guid: a8a2d32ee84b0535b83045b78b5f0b45, type: 3}
  m_PrefabInstance: {fileID: 6603511108805730464}
  m_PrefabAsset: {fileID: 0}
--- !u!114 &7871657185158522182 stripped
MonoBehaviour:
  m_CorrespondingSourceObject: {fileID: 3934418590655071718, guid: a8a2d32ee84b0535b83045b78b5f0b45, type: 3}
  m_PrefabInstance: {fileID: 6603511108805730464}
  m_PrefabAsset: {fileID: 0}
  m_GameObject: {fileID: 0}
  m_Enabled: 1
  m_EditorHideFlags: 0
  m_Script: {fileID: 11500000, guid: fe87c0e1cc204ed48ad3b37840f39efc, type: 3}
  m_Name: 
  m_EditorClassIdentifier: 
--- !u!114 &7871657185867825460 stripped
MonoBehaviour:
  m_CorrespondingSourceObject: {fileID: 3934418590760673684, guid: a8a2d32ee84b0535b83045b78b5f0b45, type: 3}
  m_PrefabInstance: {fileID: 6603511108805730464}
  m_PrefabAsset: {fileID: 0}
  m_GameObject: {fileID: 0}
  m_Enabled: 1
  m_EditorHideFlags: 0
  m_Script: {fileID: 11500000, guid: fe87c0e1cc204ed48ad3b37840f39efc, type: 3}
  m_Name: 
  m_EditorClassIdentifier: 
--- !u!1 &7871657186971402060 stripped
GameObject:
  m_CorrespondingSourceObject: {fileID: 3934418589647544300, guid: a8a2d32ee84b0535b83045b78b5f0b45, type: 3}
  m_PrefabInstance: {fileID: 6603511108805730464}
  m_PrefabAsset: {fileID: 0}
--- !u!114 &7871657186216628375 stripped
MonoBehaviour:
  m_CorrespondingSourceObject: {fileID: 3934418589563613239, guid: a8a2d32ee84b0535b83045b78b5f0b45, type: 3}
  m_PrefabInstance: {fileID: 6603511108805730464}
  m_PrefabAsset: {fileID: 0}
  m_GameObject: {fileID: 0}
  m_Enabled: 1
  m_EditorHideFlags: 0
  m_Script: {fileID: 11500000, guid: f4688fdb7df04437aeb418b961361dc5, type: 3}
  m_Name: 
  m_EditorClassIdentifier: 
