%YAML 1.1
%TAG !u! tag:unity3d.com,2011:
--- !u!1 &173778786886474100
GameObject:
  m_ObjectHideFlags: 0
  m_CorrespondingSourceObject: {fileID: 0}
  m_PrefabInstance: {fileID: 0}
  m_PrefabAsset: {fileID: 0}
  serializedVersion: 6
  m_Component:
  - component: {fileID: 173778786886474103}
  - component: {fileID: 7193323791387640714}
  m_Layer: 5
  m_Name: IntroLevelSUperposition
  m_TagString: Untagged
  m_Icon: {fileID: 0}
  m_NavMeshLayer: 0
  m_StaticEditorFlags: 0
  m_IsActive: 1
--- !u!224 &173778786886474103
RectTransform:
  m_ObjectHideFlags: 0
  m_CorrespondingSourceObject: {fileID: 0}
  m_PrefabInstance: {fileID: 0}
  m_PrefabAsset: {fileID: 0}
  m_GameObject: {fileID: 173778786886474100}
  m_LocalRotation: {x: 0, y: 0, z: 0, w: 1}
  m_LocalPosition: {x: 0, y: 0, z: -100}
  m_LocalScale: {x: 1, y: 1, z: 1}
  m_Children:
  - {fileID: 7507436202109536445}
  - {fileID: 775408087313623779}
  m_Father: {fileID: 0}
  m_RootOrder: 0
  m_LocalEulerAnglesHint: {x: 0, y: 0, z: 0}
  m_AnchorMin: {x: 0, y: 0}
  m_AnchorMax: {x: 1, y: 1}
  m_AnchoredPosition: {x: 0, y: 0}
  m_SizeDelta: {x: 0, y: 0}
  m_Pivot: {x: 0.5, y: 0.5}
--- !u!114 &7193323791387640714
MonoBehaviour:
  m_ObjectHideFlags: 0
  m_CorrespondingSourceObject: {fileID: 0}
  m_PrefabInstance: {fileID: 0}
  m_PrefabAsset: {fileID: 0}
  m_GameObject: {fileID: 173778786886474100}
  m_Enabled: 1
  m_EditorHideFlags: 0
  m_Script: {fileID: 11500000, guid: fe3b4432667fee9489d913c8d325682b, type: 3}
  m_Name: 
  m_EditorClassIdentifier: 
  _fontSize: 25
  _fontAsset: {fileID: 0}
  _minTimePerCharacter: 0.001
  _leftProta: {fileID: 3480772891955166923}
  _rightProta: {fileID: 3480772892185074361}
  _textBox: {fileID: 3480772891083613377}
  _text: {fileID: 3480772890899139354}
  _dialogueList:
  - _quote: "D'accord c'est bien joli tout \xE7a. Mais qu'est-ce qu'il y a de quantique
      l\xE0-dedans ? "
    _quoteEnglish: Ok, I think I get it now. But where is the quantum here?
    _pausePerLetter: 0
    _fontSize: -1
    _newPage: 1
    _newLine: 0
    _characterEmotion: 3
    _characId: 0
  - _quote: "Comme je disais, les fauxtons ont des propri\xE9t\xE9s \xE9tranges."
    _quoteEnglish: As I was saying, faketons have very intriguing properties.
    _pausePerLetter: 0
    _fontSize: -1
    _newPage: 1
    _newLine: 0
    _characterEmotion: 4
    _characId: 1
  - _quote: "Parfois, nous ne pouvons pas savoir o\xF9 ils sont ou combien il y en
      a dans un paquet avant de les regarder."
    _quoteEnglish: Sometimes, we cannot know where they are or how many there is
      in a packet before looking.
    _pausePerLetter: 0
    _fontSize: -1
    _newPage: 1
    _newLine: 0
    _characterEmotion: 4
    _characId: 1
  - _quote: 'C''est la physique quantique ! '
    _quoteEnglish: It's quantum physics!
    _pausePerLetter: 0
    _fontSize: -1
    _newPage: 1
    _newLine: 0
    _characterEmotion: 1
    _characId: 1
  - _quote: "J'aimerais bien voir \xE7a."
    _quoteEnglish: I'd like to see that.
    _pausePerLetter: 0
    _fontSize: -1
    _newPage: 1
    _newLine: 0
    _characterEmotion: 1
    _characId: 0
  - _quote: "Les choses s\xE9rieuses commencent maintenant !"
    _quoteEnglish: It begins now.
    _pausePerLetter: 0
    _fontSize: -1
    _newPage: 1
    _newLine: 0
    _characterEmotion: 1
    _characId: 1
  _uiPanelList:
  - _panel: {fileID: 8003982934190139777}
    _pointSomewhereOnGrid: 0
    _pointedPosition: {x: 0, y: 0}
  - _panel: {fileID: 3435407458570303762}
    _pointSomewhereOnGrid: 0
    _pointedPosition: {x: 0, y: 0}
  - _panel: {fileID: 5774455672785902021}
    _pointSomewhereOnGrid: 0
    _pointedPosition: {x: -1, y: 0}
  - _panel: {fileID: 6556460209210228195}
    _pointSomewhereOnGrid: 0
    _pointedPosition: {x: 0, y: 0}
  - _panel: {fileID: 2192350922192119193}
    _pointSomewhereOnGrid: 0
    _pointedPosition: {x: 0, y: 0}
  - _panel: {fileID: 6951549284443256389}
    _pointSomewhereOnGrid: 0
    _pointedPosition: {x: 0, y: 0}
--- !u!114 &5069649250336715418
MonoBehaviour:
  m_ObjectHideFlags: 0
  m_CorrespondingSourceObject: {fileID: 0}
  m_PrefabInstance: {fileID: 0}
  m_PrefabAsset: {fileID: 0}
  m_GameObject: {fileID: 2005590819835291605}
  m_Enabled: 1
  m_EditorHideFlags: 0
  m_Script: {fileID: 11500000, guid: ce8b5ef5ad2e3fd42af6fbe9c4c73d5b, type: 3}
  m_Name: 
  m_EditorClassIdentifier: 
  _textObjs:
  - {fileID: 5166146120656749854}
  _texts:
  - "A tout moment, tu peux mettre en pause la simulation et cliquer sur un paquet.
    \nTu pourras voir en d\xE9tail les probables fauxtons qui s'y cachent."
  - 'You can always pause the experiment and click on a packet.

    You will be
    able to see a full description of the packet and the probabilities.'
--- !u!114 &5329680752826605118
MonoBehaviour:
  m_ObjectHideFlags: 0
  m_CorrespondingSourceObject: {fileID: 0}
  m_PrefabInstance: {fileID: 0}
  m_PrefabAsset: {fileID: 0}
  m_GameObject: {fileID: 3032195048769633118}
  m_Enabled: 1
  m_EditorHideFlags: 0
  m_Script: {fileID: 11500000, guid: ce8b5ef5ad2e3fd42af6fbe9c4c73d5b, type: 3}
  m_Name: 
  m_EditorClassIdentifier: 
  _textObjs:
  - {fileID: 8534349794818103701}
  _texts:
  - "La probabilit\xE9 qu'un fauxton soit pr\xE9sent dans un paquet est repr\xE9sent\xE9e
    sur le cercle:\n"
  - 'The probabilty for a faketon to be inside a packet is represented on the packet:'
--- !u!1 &3551348935031522181
GameObject:
  m_ObjectHideFlags: 0
  m_CorrespondingSourceObject: {fileID: 0}
  m_PrefabInstance: {fileID: 0}
  m_PrefabAsset: {fileID: 0}
  serializedVersion: 6
  m_Component:
  - component: {fileID: 3320708890057777675}
  - component: {fileID: 3798425581296325320}
  - component: {fileID: 8413295397794026367}
  m_Layer: 0
  m_Name: image
  m_TagString: Untagged
  m_Icon: {fileID: 0}
  m_NavMeshLayer: 0
  m_StaticEditorFlags: 0
  m_IsActive: 1
--- !u!224 &3320708890057777675
RectTransform:
  m_ObjectHideFlags: 0
  m_CorrespondingSourceObject: {fileID: 0}
  m_PrefabInstance: {fileID: 0}
  m_PrefabAsset: {fileID: 0}
  m_GameObject: {fileID: 3551348935031522181}
  m_LocalRotation: {x: -0, y: -0, z: -0, w: 1}
  m_LocalPosition: {x: 0, y: 0, z: 0.000038146973}
  m_LocalScale: {x: 1.8299081, y: 1.8299081, z: 1.8299081}
  m_Children: []
  m_Father: {fileID: 7892191959340523982}
  m_RootOrder: 1
  m_LocalEulerAnglesHint: {x: 0, y: 0, z: 0}
  m_AnchorMin: {x: 0.5, y: 0.5}
  m_AnchorMax: {x: 0.5, y: 0.5}
  m_AnchoredPosition: {x: -4.365101, y: -50.000004}
  m_SizeDelta: {x: 100, y: 100}
  m_Pivot: {x: 0.5, y: 0.5}
--- !u!222 &3798425581296325320
CanvasRenderer:
  m_ObjectHideFlags: 0
  m_CorrespondingSourceObject: {fileID: 0}
  m_PrefabInstance: {fileID: 0}
  m_PrefabAsset: {fileID: 0}
  m_GameObject: {fileID: 3551348935031522181}
  m_CullTransparentMesh: 1
--- !u!114 &8413295397794026367
MonoBehaviour:
  m_ObjectHideFlags: 0
  m_CorrespondingSourceObject: {fileID: 0}
  m_PrefabInstance: {fileID: 0}
  m_PrefabAsset: {fileID: 0}
  m_GameObject: {fileID: 3551348935031522181}
  m_Enabled: 1
  m_EditorHideFlags: 0
  m_Script: {fileID: 11500000, guid: fe87c0e1cc204ed48ad3b37840f39efc, type: 3}
  m_Name: 
  m_EditorClassIdentifier: 
  m_Material: {fileID: 0}
  m_Color: {r: 1, g: 1, b: 1, a: 1}
  m_RaycastTarget: 1
  m_RaycastPadding: {x: 0, y: 0, z: 0, w: 0}
  m_Maskable: 1
  m_OnCullStateChanged:
    m_PersistentCalls:
      m_Calls: []
  m_Sprite: {fileID: 21300000, guid: 41576dc429cb2fc458df3e7b4befcb2e, type: 3}
  m_Type: 0
  m_PreserveAspect: 0
  m_FillCenter: 1
  m_FillMethod: 4
  m_FillAmount: 1
  m_FillClockwise: 1
  m_FillOrigin: 0
  m_UseSpriteMesh: 0
  m_PixelsPerUnitMultiplier: 1
--- !u!114 &4007110491928507476
MonoBehaviour:
  m_ObjectHideFlags: 0
  m_CorrespondingSourceObject: {fileID: 0}
  m_PrefabInstance: {fileID: 0}
  m_PrefabAsset: {fileID: 0}
  m_GameObject: {fileID: 6168661975060929417}
  m_Enabled: 1
  m_EditorHideFlags: 0
  m_Script: {fileID: 11500000, guid: ce8b5ef5ad2e3fd42af6fbe9c4c73d5b, type: 3}
  m_Name: 
  m_EditorClassIdentifier: 
  _textObjs:
  - {fileID: 720542805317155138}
  _texts:
  - "Ici, la moiti\xE9 du paquet est rouge, il y a 50% de chance qu'il y ait un fauxton
    dans ce paquet. La partie noire repr\xE9sente la probabilit\xE9 qu'il n'y ait
    en fait aucun fauxton ici..."
  - 'Here, half the packet is red: there is a 50% chance to have a faketon inside
    it. The black part represent the probability that there is nothing here...'
--- !u!1 &6392886861955877543
GameObject:
  m_ObjectHideFlags: 0
  m_CorrespondingSourceObject: {fileID: 0}
  m_PrefabInstance: {fileID: 0}
  m_PrefabAsset: {fileID: 0}
  serializedVersion: 6
  m_Component:
  - component: {fileID: 7507436202109536445}
  m_Layer: 0
  m_Name: Panels
  m_TagString: Untagged
  m_Icon: {fileID: 0}
  m_NavMeshLayer: 0
  m_StaticEditorFlags: 0
  m_IsActive: 1
--- !u!224 &7507436202109536445
RectTransform:
  m_ObjectHideFlags: 0
  m_CorrespondingSourceObject: {fileID: 0}
  m_PrefabInstance: {fileID: 0}
  m_PrefabAsset: {fileID: 0}
  m_GameObject: {fileID: 6392886861955877543}
  m_LocalRotation: {x: -0, y: -0, z: -0, w: 1}
  m_LocalPosition: {x: 0, y: 0, z: 0}
  m_LocalScale: {x: 1, y: 1, z: 1}
  m_Children:
  - {fileID: 8113513150268317994}
  - {fileID: 3469502114668638649}
  - {fileID: 5740363275621732718}
  - {fileID: 5005215497209279816}
  - {fileID: 137336317087837490}
  - {fileID: 9219990029405355758}
  m_Father: {fileID: 173778786886474103}
  m_RootOrder: 0
  m_LocalEulerAnglesHint: {x: 0, y: 0, z: 0}
  m_AnchorMin: {x: 0, y: 0}
  m_AnchorMax: {x: 1, y: 1}
  m_AnchoredPosition: {x: 0, y: 0}
  m_SizeDelta: {x: 0, y: 0}
  m_Pivot: {x: 0.5, y: 0.5}
--- !u!114 &2429908484305443239
MonoBehaviour:
  m_ObjectHideFlags: 0
  m_CorrespondingSourceObject: {fileID: 0}
  m_PrefabInstance: {fileID: 0}
  m_PrefabAsset: {fileID: 0}
  m_GameObject: {fileID: 6864814487504338863}
  m_Enabled: 1
  m_EditorHideFlags: 0
  m_Script: {fileID: 11500000, guid: ce8b5ef5ad2e3fd42af6fbe9c4c73d5b, type: 3}
  m_Name: 
  m_EditorClassIdentifier: 
  _textObjs:
  - {fileID: 225220494557027684}
  _texts:
  - "Le mesureur compte le nombre de fauxtons dans un paquet. Un paquet qui passe
    dans le mesureur n'est plus en superposition : le nombre de fauxtons est fix\xE9
    !"
  - 'Mesurers count the number of faketons inside a packet. A packet passing throught
    a mesurer is no longer in superposition: the number of faketons inside the packet
    is decided then.'
--- !u!114 &4792454454530656761
MonoBehaviour:
  m_ObjectHideFlags: 0
  m_CorrespondingSourceObject: {fileID: 0}
  m_PrefabInstance: {fileID: 0}
  m_PrefabAsset: {fileID: 0}
  m_GameObject: {fileID: 7332243422026118153}
  m_Enabled: 1
  m_EditorHideFlags: 0
  m_Script: {fileID: 11500000, guid: ce8b5ef5ad2e3fd42af6fbe9c4c73d5b, type: 3}
  m_Name: 
  m_EditorClassIdentifier: 
  _textObjs:
  - {fileID: 4153937562603132610}
  _texts:
  - "Essaye de r\xE9soudre ce puzzle !"
  - Try to solve this level!
--- !u!1 &7678263469831856537
GameObject:
  m_ObjectHideFlags: 0
  m_CorrespondingSourceObject: {fileID: 0}
  m_PrefabInstance: {fileID: 0}
  m_PrefabAsset: {fileID: 0}
  serializedVersion: 6
  m_Component:
  - component: {fileID: 7778613255514620773}
  - component: {fileID: 1970027093565352110}
  - component: {fileID: 5162909581610935891}
  m_Layer: 0
  m_Name: GameObject (1)
  m_TagString: Untagged
  m_Icon: {fileID: 0}
  m_NavMeshLayer: 0
  m_StaticEditorFlags: 0
  m_IsActive: 1
--- !u!224 &7778613255514620773
RectTransform:
  m_ObjectHideFlags: 0
  m_CorrespondingSourceObject: {fileID: 0}
  m_PrefabInstance: {fileID: 0}
  m_PrefabAsset: {fileID: 0}
  m_GameObject: {fileID: 7678263469831856537}
  m_LocalRotation: {x: -0, y: -0, z: -0, w: 1}
  m_LocalPosition: {x: 0, y: 0, z: 0.000038146973}
  m_LocalScale: {x: 1.8299081, y: 1.8299081, z: 1.8299081}
  m_Children: []
  m_Father: {fileID: 1789776192553198911}
  m_RootOrder: 1
  m_LocalEulerAnglesHint: {x: 0, y: 0, z: 0}
  m_AnchorMin: {x: 0.5, y: 0.5}
  m_AnchorMax: {x: 0.5, y: 0.5}
  m_AnchoredPosition: {x: 0, y: -74}
  m_SizeDelta: {x: 100, y: 100}
  m_Pivot: {x: 0.5, y: 0.5}
--- !u!222 &1970027093565352110
CanvasRenderer:
  m_ObjectHideFlags: 0
  m_CorrespondingSourceObject: {fileID: 0}
  m_PrefabInstance: {fileID: 0}
  m_PrefabAsset: {fileID: 0}
  m_GameObject: {fileID: 7678263469831856537}
  m_CullTransparentMesh: 1
--- !u!114 &5162909581610935891
MonoBehaviour:
  m_ObjectHideFlags: 0
  m_CorrespondingSourceObject: {fileID: 0}
  m_PrefabInstance: {fileID: 0}
  m_PrefabAsset: {fileID: 0}
  m_GameObject: {fileID: 7678263469831856537}
  m_Enabled: 1
  m_EditorHideFlags: 0
  m_Script: {fileID: 11500000, guid: fe87c0e1cc204ed48ad3b37840f39efc, type: 3}
  m_Name: 
  m_EditorClassIdentifier: 
  m_Material: {fileID: 0}
  m_Color: {r: 1, g: 1, b: 1, a: 1}
  m_RaycastTarget: 1
  m_RaycastPadding: {x: 0, y: 0, z: 0, w: 0}
  m_Maskable: 1
  m_OnCullStateChanged:
    m_PersistentCalls:
      m_Calls: []
  m_Sprite: {fileID: 21300000, guid: dc4832acd8a504f44b0a4adaea38da19, type: 3}
  m_Type: 0
  m_PreserveAspect: 0
  m_FillCenter: 1
  m_FillMethod: 4
  m_FillAmount: 1
  m_FillClockwise: 1
  m_FillOrigin: 0
  m_UseSpriteMesh: 0
  m_PixelsPerUnitMultiplier: 1
--- !u!114 &2372972609515017508
MonoBehaviour:
  m_ObjectHideFlags: 0
  m_CorrespondingSourceObject: {fileID: 0}
  m_PrefabInstance: {fileID: 0}
  m_PrefabAsset: {fileID: 0}
  m_GameObject: {fileID: 7686058687879900109}
  m_Enabled: 1
  m_EditorHideFlags: 0
  m_Script: {fileID: 11500000, guid: ce8b5ef5ad2e3fd42af6fbe9c4c73d5b, type: 3}
  m_Name: 
  m_EditorClassIdentifier: 
  _textObjs:
  - {fileID: 3949306234010716422}
  _texts:
  - "Les fauxtons ont des propri\xE9t\xE9s quantiques. Parfois, on ne sait pas vraiment
    s'ils sont pr\xE9sents dans un paquet...\nOn dit que le paquet est en superposition
    !"
  - 'Faketons are quantum objects. Sometimes, we do not know with certainty how many 
    there is in a packet...

    We say the packet is in superposition.'
--- !u!1 &8031540638534132017
GameObject:
  m_ObjectHideFlags: 0
  m_CorrespondingSourceObject: {fileID: 0}
  m_PrefabInstance: {fileID: 0}
  m_PrefabAsset: {fileID: 0}
  serializedVersion: 6
  m_Component:
  - component: {fileID: 3075786406831452999}
  - component: {fileID: 1801443602469519377}
  - component: {fileID: 2989783777252324642}
  m_Layer: 0
  m_Name: GameObject (1)
  m_TagString: Untagged
  m_Icon: {fileID: 0}
  m_NavMeshLayer: 0
  m_StaticEditorFlags: 0
  m_IsActive: 1
--- !u!224 &3075786406831452999
RectTransform:
  m_ObjectHideFlags: 0
  m_CorrespondingSourceObject: {fileID: 0}
  m_PrefabInstance: {fileID: 0}
  m_PrefabAsset: {fileID: 0}
  m_GameObject: {fileID: 8031540638534132017}
  m_LocalRotation: {x: -0, y: -0, z: -0, w: 1}
  m_LocalPosition: {x: 0, y: 0, z: 0.000038146973}
  m_LocalScale: {x: 1.8299081, y: 1.8299081, z: 1.8299081}
  m_Children: []
  m_Father: {fileID: 1299652377070289177}
  m_RootOrder: 1
  m_LocalEulerAnglesHint: {x: 0, y: 0, z: 0}
  m_AnchorMin: {x: 0.5, y: 0.5}
  m_AnchorMax: {x: 0.5, y: 0.5}
  m_AnchoredPosition: {x: 0, y: -74}
  m_SizeDelta: {x: 100, y: 100}
  m_Pivot: {x: 0.5, y: 0.5}
--- !u!222 &1801443602469519377
CanvasRenderer:
  m_ObjectHideFlags: 0
  m_CorrespondingSourceObject: {fileID: 0}
  m_PrefabInstance: {fileID: 0}
  m_PrefabAsset: {fileID: 0}
  m_GameObject: {fileID: 8031540638534132017}
  m_CullTransparentMesh: 1
--- !u!114 &2989783777252324642
MonoBehaviour:
  m_ObjectHideFlags: 0
  m_CorrespondingSourceObject: {fileID: 0}
  m_PrefabInstance: {fileID: 0}
  m_PrefabAsset: {fileID: 0}
  m_GameObject: {fileID: 8031540638534132017}
  m_Enabled: 1
  m_EditorHideFlags: 0
  m_Script: {fileID: 11500000, guid: fe87c0e1cc204ed48ad3b37840f39efc, type: 3}
  m_Name: 
  m_EditorClassIdentifier: 
  m_Material: {fileID: 0}
  m_Color: {r: 1, g: 1, b: 1, a: 1}
  m_RaycastTarget: 1
  m_RaycastPadding: {x: 0, y: 0, z: 0, w: 0}
  m_Maskable: 1
  m_OnCullStateChanged:
    m_PersistentCalls:
      m_Calls: []
  m_Sprite: {fileID: 21300000, guid: 41576dc429cb2fc458df3e7b4befcb2e, type: 3}
  m_Type: 0
  m_PreserveAspect: 0
  m_FillCenter: 1
  m_FillMethod: 4
  m_FillAmount: 1
  m_FillClockwise: 1
  m_FillOrigin: 0
  m_UseSpriteMesh: 0
  m_PixelsPerUnitMultiplier: 1
--- !u!1001 &334722589002040979
PrefabInstance:
  m_ObjectHideFlags: 0
  serializedVersion: 2
  m_Modification:
    m_TransformParent: {fileID: 7507436202109536445}
    m_Modifications:
    - target: {fileID: 2807509972386621450, guid: 193f60067258a7176ac577373ea69eba, type: 3}
      propertyPath: m_SizeDelta.x
      value: 300
      objectReference: {fileID: 0}
    - target: {fileID: 2807509972386621450, guid: 193f60067258a7176ac577373ea69eba, type: 3}
      propertyPath: m_SizeDelta.y
      value: 100
      objectReference: {fileID: 0}
    - target: {fileID: 2807509972386621450, guid: 193f60067258a7176ac577373ea69eba, type: 3}
      propertyPath: m_AnchoredPosition.x
      value: 0
      objectReference: {fileID: 0}
    - target: {fileID: 2807509972386621450, guid: 193f60067258a7176ac577373ea69eba, type: 3}
      propertyPath: m_AnchoredPosition.y
      value: 0
      objectReference: {fileID: 0}
    - target: {fileID: 4395773132063412305, guid: 193f60067258a7176ac577373ea69eba, type: 3}
      propertyPath: m_text
      value: "Essaye de r\xE9soudre ce puzzle !"
      objectReference: {fileID: 0}
    - target: {fileID: 4395773132063412305, guid: 193f60067258a7176ac577373ea69eba, type: 3}
      propertyPath: m_fontSize
      value: 25
      objectReference: {fileID: 0}
    - target: {fileID: 4395773132063412305, guid: 193f60067258a7176ac577373ea69eba, type: 3}
      propertyPath: m_fontSizeBase
      value: 25
      objectReference: {fileID: 0}
    - target: {fileID: 7268230723672764630, guid: 193f60067258a7176ac577373ea69eba, type: 3}
      propertyPath: m_Name
      value: Try
      objectReference: {fileID: 0}
    - target: {fileID: 7268230723672764630, guid: 193f60067258a7176ac577373ea69eba, type: 3}
      propertyPath: m_IsActive
      value: 0
      objectReference: {fileID: 0}
    - target: {fileID: 8887520157746690173, guid: 193f60067258a7176ac577373ea69eba, type: 3}
      propertyPath: m_Pivot.x
      value: 0.5
      objectReference: {fileID: 0}
    - target: {fileID: 8887520157746690173, guid: 193f60067258a7176ac577373ea69eba, type: 3}
      propertyPath: m_Pivot.y
      value: 0.5
      objectReference: {fileID: 0}
    - target: {fileID: 8887520157746690173, guid: 193f60067258a7176ac577373ea69eba, type: 3}
      propertyPath: m_RootOrder
      value: 5
      objectReference: {fileID: 0}
    - target: {fileID: 8887520157746690173, guid: 193f60067258a7176ac577373ea69eba, type: 3}
      propertyPath: m_AnchorMax.x
      value: 1
      objectReference: {fileID: 0}
    - target: {fileID: 8887520157746690173, guid: 193f60067258a7176ac577373ea69eba, type: 3}
      propertyPath: m_AnchorMax.y
      value: 1
      objectReference: {fileID: 0}
    - target: {fileID: 8887520157746690173, guid: 193f60067258a7176ac577373ea69eba, type: 3}
      propertyPath: m_AnchorMin.x
      value: 0
      objectReference: {fileID: 0}
    - target: {fileID: 8887520157746690173, guid: 193f60067258a7176ac577373ea69eba, type: 3}
      propertyPath: m_AnchorMin.y
      value: 0
      objectReference: {fileID: 0}
    - target: {fileID: 8887520157746690173, guid: 193f60067258a7176ac577373ea69eba, type: 3}
      propertyPath: m_SizeDelta.x
      value: 0
      objectReference: {fileID: 0}
    - target: {fileID: 8887520157746690173, guid: 193f60067258a7176ac577373ea69eba, type: 3}
      propertyPath: m_SizeDelta.y
      value: 0
      objectReference: {fileID: 0}
    - target: {fileID: 8887520157746690173, guid: 193f60067258a7176ac577373ea69eba, type: 3}
      propertyPath: m_LocalPosition.x
      value: 0
      objectReference: {fileID: 0}
    - target: {fileID: 8887520157746690173, guid: 193f60067258a7176ac577373ea69eba, type: 3}
      propertyPath: m_LocalPosition.y
      value: 0
      objectReference: {fileID: 0}
    - target: {fileID: 8887520157746690173, guid: 193f60067258a7176ac577373ea69eba, type: 3}
      propertyPath: m_LocalPosition.z
      value: 0
      objectReference: {fileID: 0}
    - target: {fileID: 8887520157746690173, guid: 193f60067258a7176ac577373ea69eba, type: 3}
      propertyPath: m_LocalRotation.w
      value: 1
      objectReference: {fileID: 0}
    - target: {fileID: 8887520157746690173, guid: 193f60067258a7176ac577373ea69eba, type: 3}
      propertyPath: m_LocalRotation.x
      value: 0
      objectReference: {fileID: 0}
    - target: {fileID: 8887520157746690173, guid: 193f60067258a7176ac577373ea69eba, type: 3}
      propertyPath: m_LocalRotation.y
      value: 0
      objectReference: {fileID: 0}
    - target: {fileID: 8887520157746690173, guid: 193f60067258a7176ac577373ea69eba, type: 3}
      propertyPath: m_LocalRotation.z
      value: 0
      objectReference: {fileID: 0}
    - target: {fileID: 8887520157746690173, guid: 193f60067258a7176ac577373ea69eba, type: 3}
      propertyPath: m_AnchoredPosition.x
      value: 0
      objectReference: {fileID: 0}
    - target: {fileID: 8887520157746690173, guid: 193f60067258a7176ac577373ea69eba, type: 3}
      propertyPath: m_AnchoredPosition.y
      value: 0
      objectReference: {fileID: 0}
    - target: {fileID: 8887520157746690173, guid: 193f60067258a7176ac577373ea69eba, type: 3}
      propertyPath: m_LocalEulerAnglesHint.x
      value: 0
      objectReference: {fileID: 0}
    - target: {fileID: 8887520157746690173, guid: 193f60067258a7176ac577373ea69eba, type: 3}
      propertyPath: m_LocalEulerAnglesHint.y
      value: 0
      objectReference: {fileID: 0}
    - target: {fileID: 8887520157746690173, guid: 193f60067258a7176ac577373ea69eba, type: 3}
      propertyPath: m_LocalEulerAnglesHint.z
      value: 0
      objectReference: {fileID: 0}
    m_RemovedComponents: []
  m_SourcePrefab: {fileID: 100100000, guid: 193f60067258a7176ac577373ea69eba, type: 3}
--- !u!114 &4153937562603132610 stripped
MonoBehaviour:
  m_CorrespondingSourceObject: {fileID: 4395773132063412305, guid: 193f60067258a7176ac577373ea69eba, type: 3}
  m_PrefabInstance: {fileID: 334722589002040979}
  m_PrefabAsset: {fileID: 0}
  m_GameObject: {fileID: 7332243422026118153}
  m_Enabled: 1
  m_EditorHideFlags: 0
  m_Script: {fileID: 11500000, guid: f4688fdb7df04437aeb418b961361dc5, type: 3}
  m_Name: 
  m_EditorClassIdentifier: 
--- !u!1 &7332243422026118153 stripped
GameObject:
  m_CorrespondingSourceObject: {fileID: 7017858229800252058, guid: 193f60067258a7176ac577373ea69eba, type: 3}
  m_PrefabInstance: {fileID: 334722589002040979}
  m_PrefabAsset: {fileID: 0}
--- !u!224 &9219990029405355758 stripped
RectTransform:
  m_CorrespondingSourceObject: {fileID: 8887520157746690173, guid: 193f60067258a7176ac577373ea69eba, type: 3}
  m_PrefabInstance: {fileID: 334722589002040979}
  m_PrefabAsset: {fileID: 0}
--- !u!1 &6951549284443256389 stripped
GameObject:
  m_CorrespondingSourceObject: {fileID: 7268230723672764630, guid: 193f60067258a7176ac577373ea69eba, type: 3}
  m_PrefabInstance: {fileID: 334722589002040979}
  m_PrefabAsset: {fileID: 0}
--- !u!1001 &493122564193499949
PrefabInstance:
  m_ObjectHideFlags: 0
  serializedVersion: 2
  m_Modification:
    m_TransformParent: {fileID: 173778786886474103}
    m_Modifications:
    - target: {fileID: 870639280558477774, guid: a8a2d32ee84b0535b83045b78b5f0b45, type: 3}
      propertyPath: m_Pivot.x
      value: 0.5
      objectReference: {fileID: 0}
    - target: {fileID: 870639280558477774, guid: a8a2d32ee84b0535b83045b78b5f0b45, type: 3}
      propertyPath: m_Pivot.y
      value: 0.5
      objectReference: {fileID: 0}
    - target: {fileID: 870639280558477774, guid: a8a2d32ee84b0535b83045b78b5f0b45, type: 3}
      propertyPath: m_RootOrder
      value: 1
      objectReference: {fileID: 0}
    - target: {fileID: 870639280558477774, guid: a8a2d32ee84b0535b83045b78b5f0b45, type: 3}
      propertyPath: m_AnchorMax.x
      value: 1
      objectReference: {fileID: 0}
    - target: {fileID: 870639280558477774, guid: a8a2d32ee84b0535b83045b78b5f0b45, type: 3}
      propertyPath: m_AnchorMax.y
      value: 1
      objectReference: {fileID: 0}
    - target: {fileID: 870639280558477774, guid: a8a2d32ee84b0535b83045b78b5f0b45, type: 3}
      propertyPath: m_AnchorMin.x
      value: 0
      objectReference: {fileID: 0}
    - target: {fileID: 870639280558477774, guid: a8a2d32ee84b0535b83045b78b5f0b45, type: 3}
      propertyPath: m_AnchorMin.y
      value: 0
      objectReference: {fileID: 0}
    - target: {fileID: 870639280558477774, guid: a8a2d32ee84b0535b83045b78b5f0b45, type: 3}
      propertyPath: m_SizeDelta.x
      value: -524.31
      objectReference: {fileID: 0}
    - target: {fileID: 870639280558477774, guid: a8a2d32ee84b0535b83045b78b5f0b45, type: 3}
      propertyPath: m_SizeDelta.y
      value: -252
      objectReference: {fileID: 0}
    - target: {fileID: 870639280558477774, guid: a8a2d32ee84b0535b83045b78b5f0b45, type: 3}
      propertyPath: m_LocalPosition.x
      value: 0
      objectReference: {fileID: 0}
    - target: {fileID: 870639280558477774, guid: a8a2d32ee84b0535b83045b78b5f0b45, type: 3}
      propertyPath: m_LocalPosition.y
      value: 0
      objectReference: {fileID: 0}
    - target: {fileID: 870639280558477774, guid: a8a2d32ee84b0535b83045b78b5f0b45, type: 3}
      propertyPath: m_LocalPosition.z
      value: 0
      objectReference: {fileID: 0}
    - target: {fileID: 870639280558477774, guid: a8a2d32ee84b0535b83045b78b5f0b45, type: 3}
      propertyPath: m_LocalRotation.w
      value: 1
      objectReference: {fileID: 0}
    - target: {fileID: 870639280558477774, guid: a8a2d32ee84b0535b83045b78b5f0b45, type: 3}
      propertyPath: m_LocalRotation.x
      value: 0
      objectReference: {fileID: 0}
    - target: {fileID: 870639280558477774, guid: a8a2d32ee84b0535b83045b78b5f0b45, type: 3}
      propertyPath: m_LocalRotation.y
      value: 0
      objectReference: {fileID: 0}
    - target: {fileID: 870639280558477774, guid: a8a2d32ee84b0535b83045b78b5f0b45, type: 3}
      propertyPath: m_LocalRotation.z
      value: 0
      objectReference: {fileID: 0}
    - target: {fileID: 870639280558477774, guid: a8a2d32ee84b0535b83045b78b5f0b45, type: 3}
      propertyPath: m_AnchoredPosition.x
      value: 0.8449707
      objectReference: {fileID: 0}
    - target: {fileID: 870639280558477774, guid: a8a2d32ee84b0535b83045b78b5f0b45, type: 3}
      propertyPath: m_AnchoredPosition.y
      value: 0
      objectReference: {fileID: 0}
    - target: {fileID: 870639280558477774, guid: a8a2d32ee84b0535b83045b78b5f0b45, type: 3}
      propertyPath: m_LocalEulerAnglesHint.x
      value: 0
      objectReference: {fileID: 0}
    - target: {fileID: 870639280558477774, guid: a8a2d32ee84b0535b83045b78b5f0b45, type: 3}
      propertyPath: m_LocalEulerAnglesHint.y
      value: 0
      objectReference: {fileID: 0}
    - target: {fileID: 870639280558477774, guid: a8a2d32ee84b0535b83045b78b5f0b45, type: 3}
      propertyPath: m_LocalEulerAnglesHint.z
      value: 0
      objectReference: {fileID: 0}
    - target: {fileID: 9125001666563616613, guid: a8a2d32ee84b0535b83045b78b5f0b45, type: 3}
      propertyPath: m_Name
      value: Dialogues
      objectReference: {fileID: 0}
    m_RemovedComponents: []
  m_SourcePrefab: {fileID: 100100000, guid: a8a2d32ee84b0535b83045b78b5f0b45, type: 3}
--- !u!224 &775408087313623779 stripped
RectTransform:
  m_CorrespondingSourceObject: {fileID: 870639280558477774, guid: a8a2d32ee84b0535b83045b78b5f0b45, type: 3}
  m_PrefabInstance: {fileID: 493122564193499949}
  m_PrefabAsset: {fileID: 0}
--- !u!114 &3480772891955166923 stripped
MonoBehaviour:
  m_CorrespondingSourceObject: {fileID: 3934418590655071718, guid: a8a2d32ee84b0535b83045b78b5f0b45, type: 3}
  m_PrefabInstance: {fileID: 493122564193499949}
  m_PrefabAsset: {fileID: 0}
  m_GameObject: {fileID: 0}
  m_Enabled: 1
  m_EditorHideFlags: 0
  m_Script: {fileID: 11500000, guid: fe87c0e1cc204ed48ad3b37840f39efc, type: 3}
  m_Name: 
  m_EditorClassIdentifier: 
--- !u!114 &3480772892185074361 stripped
MonoBehaviour:
  m_CorrespondingSourceObject: {fileID: 3934418590760673684, guid: a8a2d32ee84b0535b83045b78b5f0b45, type: 3}
  m_PrefabInstance: {fileID: 493122564193499949}
  m_PrefabAsset: {fileID: 0}
  m_GameObject: {fileID: 0}
  m_Enabled: 1
  m_EditorHideFlags: 0
  m_Script: {fileID: 11500000, guid: fe87c0e1cc204ed48ad3b37840f39efc, type: 3}
  m_Name: 
  m_EditorClassIdentifier: 
--- !u!1 &3480772891083613377 stripped
GameObject:
  m_CorrespondingSourceObject: {fileID: 3934418589647544300, guid: a8a2d32ee84b0535b83045b78b5f0b45, type: 3}
  m_PrefabInstance: {fileID: 493122564193499949}
  m_PrefabAsset: {fileID: 0}
--- !u!114 &3480772890899139354 stripped
MonoBehaviour:
  m_CorrespondingSourceObject: {fileID: 3934418589563613239, guid: a8a2d32ee84b0535b83045b78b5f0b45, type: 3}
  m_PrefabInstance: {fileID: 493122564193499949}
  m_PrefabAsset: {fileID: 0}
  m_GameObject: {fileID: 0}
  m_Enabled: 1
  m_EditorHideFlags: 0
  m_Script: {fileID: 11500000, guid: f4688fdb7df04437aeb418b961361dc5, type: 3}
  m_Name: 
  m_EditorClassIdentifier: 
--- !u!1001 &850667165851408727
PrefabInstance:
  m_ObjectHideFlags: 0
  serializedVersion: 2
  m_Modification:
    m_TransformParent: {fileID: 7507436202109536445}
    m_Modifications:
    - target: {fileID: 2807509972386621450, guid: 193f60067258a7176ac577373ea69eba, type: 3}
      propertyPath: m_SizeDelta.x
      value: 500
      objectReference: {fileID: 0}
    - target: {fileID: 2807509972386621450, guid: 193f60067258a7176ac577373ea69eba, type: 3}
      propertyPath: m_SizeDelta.y
      value: 300
      objectReference: {fileID: 0}
    - target: {fileID: 4395773132063412305, guid: 193f60067258a7176ac577373ea69eba, type: 3}
      propertyPath: m_text
      value: "Les fauxtons ont des propri\xE9t\xE9s quantiques. Parfois, on ne sait
        pas vraiment s'ils sont pr\xE9sents dans un paquet...\nOn dit que le paquet
        est en superposition !"
      objectReference: {fileID: 0}
    - target: {fileID: 4395773132063412305, guid: 193f60067258a7176ac577373ea69eba, type: 3}
      propertyPath: m_fontSize
      value: 30
      objectReference: {fileID: 0}
    - target: {fileID: 4395773132063412305, guid: 193f60067258a7176ac577373ea69eba, type: 3}
      propertyPath: m_fontSizeBase
      value: 30
      objectReference: {fileID: 0}
    - target: {fileID: 7268230723672764630, guid: 193f60067258a7176ac577373ea69eba, type: 3}
      propertyPath: m_Name
      value: GlobalPanel
      objectReference: {fileID: 0}
    - target: {fileID: 7268230723672764630, guid: 193f60067258a7176ac577373ea69eba, type: 3}
      propertyPath: m_IsActive
      value: 0
      objectReference: {fileID: 0}
    - target: {fileID: 8887520157746690173, guid: 193f60067258a7176ac577373ea69eba, type: 3}
      propertyPath: m_Pivot.x
      value: 0.5
      objectReference: {fileID: 0}
    - target: {fileID: 8887520157746690173, guid: 193f60067258a7176ac577373ea69eba, type: 3}
      propertyPath: m_Pivot.y
      value: 0.5
      objectReference: {fileID: 0}
    - target: {fileID: 8887520157746690173, guid: 193f60067258a7176ac577373ea69eba, type: 3}
      propertyPath: m_RootOrder
      value: 0
      objectReference: {fileID: 0}
    - target: {fileID: 8887520157746690173, guid: 193f60067258a7176ac577373ea69eba, type: 3}
      propertyPath: m_AnchorMax.x
      value: 1
      objectReference: {fileID: 0}
    - target: {fileID: 8887520157746690173, guid: 193f60067258a7176ac577373ea69eba, type: 3}
      propertyPath: m_AnchorMax.y
      value: 1
      objectReference: {fileID: 0}
    - target: {fileID: 8887520157746690173, guid: 193f60067258a7176ac577373ea69eba, type: 3}
      propertyPath: m_AnchorMin.x
      value: 0
      objectReference: {fileID: 0}
    - target: {fileID: 8887520157746690173, guid: 193f60067258a7176ac577373ea69eba, type: 3}
      propertyPath: m_AnchorMin.y
      value: 0
      objectReference: {fileID: 0}
    - target: {fileID: 8887520157746690173, guid: 193f60067258a7176ac577373ea69eba, type: 3}
      propertyPath: m_SizeDelta.x
      value: 0
      objectReference: {fileID: 0}
    - target: {fileID: 8887520157746690173, guid: 193f60067258a7176ac577373ea69eba, type: 3}
      propertyPath: m_SizeDelta.y
      value: 0
      objectReference: {fileID: 0}
    - target: {fileID: 8887520157746690173, guid: 193f60067258a7176ac577373ea69eba, type: 3}
      propertyPath: m_LocalPosition.x
      value: 0
      objectReference: {fileID: 0}
    - target: {fileID: 8887520157746690173, guid: 193f60067258a7176ac577373ea69eba, type: 3}
      propertyPath: m_LocalPosition.y
      value: 0
      objectReference: {fileID: 0}
    - target: {fileID: 8887520157746690173, guid: 193f60067258a7176ac577373ea69eba, type: 3}
      propertyPath: m_LocalPosition.z
      value: 0
      objectReference: {fileID: 0}
    - target: {fileID: 8887520157746690173, guid: 193f60067258a7176ac577373ea69eba, type: 3}
      propertyPath: m_LocalRotation.w
      value: 1
      objectReference: {fileID: 0}
    - target: {fileID: 8887520157746690173, guid: 193f60067258a7176ac577373ea69eba, type: 3}
      propertyPath: m_LocalRotation.x
      value: 0
      objectReference: {fileID: 0}
    - target: {fileID: 8887520157746690173, guid: 193f60067258a7176ac577373ea69eba, type: 3}
      propertyPath: m_LocalRotation.y
      value: 0
      objectReference: {fileID: 0}
    - target: {fileID: 8887520157746690173, guid: 193f60067258a7176ac577373ea69eba, type: 3}
      propertyPath: m_LocalRotation.z
      value: 0
      objectReference: {fileID: 0}
    - target: {fileID: 8887520157746690173, guid: 193f60067258a7176ac577373ea69eba, type: 3}
      propertyPath: m_AnchoredPosition.x
      value: 0
      objectReference: {fileID: 0}
    - target: {fileID: 8887520157746690173, guid: 193f60067258a7176ac577373ea69eba, type: 3}
      propertyPath: m_AnchoredPosition.y
      value: 0
      objectReference: {fileID: 0}
    - target: {fileID: 8887520157746690173, guid: 193f60067258a7176ac577373ea69eba, type: 3}
      propertyPath: m_LocalEulerAnglesHint.x
      value: 0
      objectReference: {fileID: 0}
    - target: {fileID: 8887520157746690173, guid: 193f60067258a7176ac577373ea69eba, type: 3}
      propertyPath: m_LocalEulerAnglesHint.y
      value: 0
      objectReference: {fileID: 0}
    - target: {fileID: 8887520157746690173, guid: 193f60067258a7176ac577373ea69eba, type: 3}
      propertyPath: m_LocalEulerAnglesHint.z
      value: 0
      objectReference: {fileID: 0}
    m_RemovedComponents: []
  m_SourcePrefab: {fileID: 100100000, guid: 193f60067258a7176ac577373ea69eba, type: 3}
--- !u!1 &7686058687879900109 stripped
GameObject:
  m_CorrespondingSourceObject: {fileID: 7017858229800252058, guid: 193f60067258a7176ac577373ea69eba, type: 3}
  m_PrefabInstance: {fileID: 850667165851408727}
  m_PrefabAsset: {fileID: 0}
--- !u!1 &8003982934190139777 stripped
GameObject:
  m_CorrespondingSourceObject: {fileID: 7268230723672764630, guid: 193f60067258a7176ac577373ea69eba, type: 3}
  m_PrefabInstance: {fileID: 850667165851408727}
  m_PrefabAsset: {fileID: 0}
--- !u!224 &8113513150268317994 stripped
RectTransform:
  m_CorrespondingSourceObject: {fileID: 8887520157746690173, guid: 193f60067258a7176ac577373ea69eba, type: 3}
  m_PrefabInstance: {fileID: 850667165851408727}
  m_PrefabAsset: {fileID: 0}
--- !u!114 &3949306234010716422 stripped
MonoBehaviour:
  m_CorrespondingSourceObject: {fileID: 4395773132063412305, guid: 193f60067258a7176ac577373ea69eba, type: 3}
  m_PrefabInstance: {fileID: 850667165851408727}
  m_PrefabAsset: {fileID: 0}
  m_GameObject: {fileID: 7686058687879900109}
  m_Enabled: 1
  m_EditorHideFlags: 0
  m_Script: {fileID: 11500000, guid: f4688fdb7df04437aeb418b961361dc5, type: 3}
  m_Name: 
  m_EditorClassIdentifier: 
--- !u!1001 &3818785863542565139
PrefabInstance:
  m_ObjectHideFlags: 0
  serializedVersion: 2
  m_Modification:
    m_TransformParent: {fileID: 7507436202109536445}
    m_Modifications:
    - target: {fileID: 1534406632315319299, guid: 193f60067258a7176ac577373ea69eba, type: 3}
      propertyPath: m_SizeDelta.y
      value: -182.73
      objectReference: {fileID: 0}
    - target: {fileID: 1534406632315319299, guid: 193f60067258a7176ac577373ea69eba, type: 3}
      propertyPath: m_AnchoredPosition.y
      value: 91.350006
      objectReference: {fileID: 0}
    - target: {fileID: 2807509972386621450, guid: 193f60067258a7176ac577373ea69eba, type: 3}
      propertyPath: m_SizeDelta.x
      value: 560.49
      objectReference: {fileID: 0}
    - target: {fileID: 2807509972386621450, guid: 193f60067258a7176ac577373ea69eba, type: 3}
      propertyPath: m_SizeDelta.y
      value: 340
      objectReference: {fileID: 0}
    - target: {fileID: 2807509972386621450, guid: 193f60067258a7176ac577373ea69eba, type: 3}
      propertyPath: m_AnchoredPosition.y
      value: 12.07
      objectReference: {fileID: 0}
    - target: {fileID: 4395773132063412305, guid: 193f60067258a7176ac577373ea69eba, type: 3}
      propertyPath: m_text
      value: "Ici la moiti\xE9 du paquet est rouge, il y a 50% de chance qu'il y
        ait un fauxton dans ce paquet. La partie noire repr\xE9sente la probabilit\xE9
        qu'il n'y ait en fait aucun fauxton ici..."
      objectReference: {fileID: 0}
    - target: {fileID: 4395773132063412305, guid: 193f60067258a7176ac577373ea69eba, type: 3}
      propertyPath: m_fontSize
      value: 23
      objectReference: {fileID: 0}
    - target: {fileID: 4395773132063412305, guid: 193f60067258a7176ac577373ea69eba, type: 3}
      propertyPath: m_fontSizeBase
      value: 23
      objectReference: {fileID: 0}
    - target: {fileID: 7268230723672764630, guid: 193f60067258a7176ac577373ea69eba, type: 3}
      propertyPath: m_Name
      value: Explication Color 2
      objectReference: {fileID: 0}
    - target: {fileID: 7268230723672764630, guid: 193f60067258a7176ac577373ea69eba, type: 3}
      propertyPath: m_IsActive
      value: 0
      objectReference: {fileID: 0}
    - target: {fileID: 8887520157746690173, guid: 193f60067258a7176ac577373ea69eba, type: 3}
      propertyPath: m_Pivot.x
      value: 0.5
      objectReference: {fileID: 0}
    - target: {fileID: 8887520157746690173, guid: 193f60067258a7176ac577373ea69eba, type: 3}
      propertyPath: m_Pivot.y
      value: 0.5
      objectReference: {fileID: 0}
    - target: {fileID: 8887520157746690173, guid: 193f60067258a7176ac577373ea69eba, type: 3}
      propertyPath: m_RootOrder
      value: 2
      objectReference: {fileID: 0}
    - target: {fileID: 8887520157746690173, guid: 193f60067258a7176ac577373ea69eba, type: 3}
      propertyPath: m_AnchorMax.x
      value: 1
      objectReference: {fileID: 0}
    - target: {fileID: 8887520157746690173, guid: 193f60067258a7176ac577373ea69eba, type: 3}
      propertyPath: m_AnchorMax.y
      value: 1
      objectReference: {fileID: 0}
    - target: {fileID: 8887520157746690173, guid: 193f60067258a7176ac577373ea69eba, type: 3}
      propertyPath: m_AnchorMin.x
      value: 0
      objectReference: {fileID: 0}
    - target: {fileID: 8887520157746690173, guid: 193f60067258a7176ac577373ea69eba, type: 3}
      propertyPath: m_AnchorMin.y
      value: 0
      objectReference: {fileID: 0}
    - target: {fileID: 8887520157746690173, guid: 193f60067258a7176ac577373ea69eba, type: 3}
      propertyPath: m_SizeDelta.x
      value: 0
      objectReference: {fileID: 0}
    - target: {fileID: 8887520157746690173, guid: 193f60067258a7176ac577373ea69eba, type: 3}
      propertyPath: m_SizeDelta.y
      value: 0
      objectReference: {fileID: 0}
    - target: {fileID: 8887520157746690173, guid: 193f60067258a7176ac577373ea69eba, type: 3}
      propertyPath: m_LocalPosition.x
      value: 0
      objectReference: {fileID: 0}
    - target: {fileID: 8887520157746690173, guid: 193f60067258a7176ac577373ea69eba, type: 3}
      propertyPath: m_LocalPosition.y
      value: 0
      objectReference: {fileID: 0}
    - target: {fileID: 8887520157746690173, guid: 193f60067258a7176ac577373ea69eba, type: 3}
      propertyPath: m_LocalPosition.z
      value: 0
      objectReference: {fileID: 0}
    - target: {fileID: 8887520157746690173, guid: 193f60067258a7176ac577373ea69eba, type: 3}
      propertyPath: m_LocalRotation.w
      value: 1
      objectReference: {fileID: 0}
    - target: {fileID: 8887520157746690173, guid: 193f60067258a7176ac577373ea69eba, type: 3}
      propertyPath: m_LocalRotation.x
      value: 0
      objectReference: {fileID: 0}
    - target: {fileID: 8887520157746690173, guid: 193f60067258a7176ac577373ea69eba, type: 3}
      propertyPath: m_LocalRotation.y
      value: 0
      objectReference: {fileID: 0}
    - target: {fileID: 8887520157746690173, guid: 193f60067258a7176ac577373ea69eba, type: 3}
      propertyPath: m_LocalRotation.z
      value: 0
      objectReference: {fileID: 0}
    - target: {fileID: 8887520157746690173, guid: 193f60067258a7176ac577373ea69eba, type: 3}
      propertyPath: m_AnchoredPosition.x
      value: 0
      objectReference: {fileID: 0}
    - target: {fileID: 8887520157746690173, guid: 193f60067258a7176ac577373ea69eba, type: 3}
      propertyPath: m_AnchoredPosition.y
      value: 0
      objectReference: {fileID: 0}
    - target: {fileID: 8887520157746690173, guid: 193f60067258a7176ac577373ea69eba, type: 3}
      propertyPath: m_LocalEulerAnglesHint.x
      value: 0
      objectReference: {fileID: 0}
    - target: {fileID: 8887520157746690173, guid: 193f60067258a7176ac577373ea69eba, type: 3}
      propertyPath: m_LocalEulerAnglesHint.y
      value: 0
      objectReference: {fileID: 0}
    - target: {fileID: 8887520157746690173, guid: 193f60067258a7176ac577373ea69eba, type: 3}
      propertyPath: m_LocalEulerAnglesHint.z
      value: 0
      objectReference: {fileID: 0}
    m_RemovedComponents: []
  m_SourcePrefab: {fileID: 100100000, guid: 193f60067258a7176ac577373ea69eba, type: 3}
--- !u!224 &5740363275621732718 stripped
RectTransform:
  m_CorrespondingSourceObject: {fileID: 8887520157746690173, guid: 193f60067258a7176ac577373ea69eba, type: 3}
  m_PrefabInstance: {fileID: 3818785863542565139}
  m_PrefabAsset: {fileID: 0}
--- !u!1 &5774455672785902021 stripped
GameObject:
  m_CorrespondingSourceObject: {fileID: 7268230723672764630, guid: 193f60067258a7176ac577373ea69eba, type: 3}
  m_PrefabInstance: {fileID: 3818785863542565139}
  m_PrefabAsset: {fileID: 0}
--- !u!114 &720542805317155138 stripped
MonoBehaviour:
  m_CorrespondingSourceObject: {fileID: 4395773132063412305, guid: 193f60067258a7176ac577373ea69eba, type: 3}
  m_PrefabInstance: {fileID: 3818785863542565139}
  m_PrefabAsset: {fileID: 0}
  m_GameObject: {fileID: 6168661975060929417}
  m_Enabled: 1
  m_EditorHideFlags: 0
  m_Script: {fileID: 11500000, guid: f4688fdb7df04437aeb418b961361dc5, type: 3}
  m_Name: 
  m_EditorClassIdentifier: 
--- !u!1 &6168661975060929417 stripped
GameObject:
  m_CorrespondingSourceObject: {fileID: 7017858229800252058, guid: 193f60067258a7176ac577373ea69eba, type: 3}
  m_PrefabInstance: {fileID: 3818785863542565139}
  m_PrefabAsset: {fileID: 0}
--- !u!224 &1299652377070289177 stripped
RectTransform:
  m_CorrespondingSourceObject: {fileID: 2807509972386621450, guid: 193f60067258a7176ac577373ea69eba, type: 3}
  m_PrefabInstance: {fileID: 3818785863542565139}
  m_PrefabAsset: {fileID: 0}
--- !u!1001 &4476798511885389109
PrefabInstance:
  m_ObjectHideFlags: 0
  serializedVersion: 2
  m_Modification:
    m_TransformParent: {fileID: 7507436202109536445}
    m_Modifications:
    - target: {fileID: 1534406632315319299, guid: 193f60067258a7176ac577373ea69eba, type: 3}
      propertyPath: m_SizeDelta.y
      value: -182.73
      objectReference: {fileID: 0}
    - target: {fileID: 1534406632315319299, guid: 193f60067258a7176ac577373ea69eba, type: 3}
      propertyPath: m_AnchoredPosition.y
      value: 91.350006
      objectReference: {fileID: 0}
    - target: {fileID: 2807509972386621450, guid: 193f60067258a7176ac577373ea69eba, type: 3}
      propertyPath: m_SizeDelta.x
      value: 560.49
      objectReference: {fileID: 0}
    - target: {fileID: 2807509972386621450, guid: 193f60067258a7176ac577373ea69eba, type: 3}
      propertyPath: m_SizeDelta.y
      value: 340
      objectReference: {fileID: 0}
    - target: {fileID: 2807509972386621450, guid: 193f60067258a7176ac577373ea69eba, type: 3}
      propertyPath: m_AnchoredPosition.y
      value: 12.07
      objectReference: {fileID: 0}
    - target: {fileID: 4395773132063412305, guid: 193f60067258a7176ac577373ea69eba, type: 3}
      propertyPath: m_text
      value: "Le mesureur compte le nombre de fauxtons dans un paquet. Un paquet
        qui passe dans le mesureur n'est plus en superposition : le nombre de fauxtons
        est fix\xE9 !"
      objectReference: {fileID: 0}
    - target: {fileID: 4395773132063412305, guid: 193f60067258a7176ac577373ea69eba, type: 3}
      propertyPath: m_fontSize
      value: 23
      objectReference: {fileID: 0}
    - target: {fileID: 4395773132063412305, guid: 193f60067258a7176ac577373ea69eba, type: 3}
      propertyPath: m_fontSizeBase
      value: 23
      objectReference: {fileID: 0}
    - target: {fileID: 7268230723672764630, guid: 193f60067258a7176ac577373ea69eba, type: 3}
      propertyPath: m_Name
      value: ExplicationMesureur
      objectReference: {fileID: 0}
    - target: {fileID: 7268230723672764630, guid: 193f60067258a7176ac577373ea69eba, type: 3}
      propertyPath: m_IsActive
      value: 0
      objectReference: {fileID: 0}
    - target: {fileID: 8887520157746690173, guid: 193f60067258a7176ac577373ea69eba, type: 3}
      propertyPath: m_Pivot.x
      value: 0.5
      objectReference: {fileID: 0}
    - target: {fileID: 8887520157746690173, guid: 193f60067258a7176ac577373ea69eba, type: 3}
      propertyPath: m_Pivot.y
      value: 0.5
      objectReference: {fileID: 0}
    - target: {fileID: 8887520157746690173, guid: 193f60067258a7176ac577373ea69eba, type: 3}
      propertyPath: m_RootOrder
      value: 3
      objectReference: {fileID: 0}
    - target: {fileID: 8887520157746690173, guid: 193f60067258a7176ac577373ea69eba, type: 3}
      propertyPath: m_AnchorMax.x
      value: 1
      objectReference: {fileID: 0}
    - target: {fileID: 8887520157746690173, guid: 193f60067258a7176ac577373ea69eba, type: 3}
      propertyPath: m_AnchorMax.y
      value: 1
      objectReference: {fileID: 0}
    - target: {fileID: 8887520157746690173, guid: 193f60067258a7176ac577373ea69eba, type: 3}
      propertyPath: m_AnchorMin.x
      value: 0
      objectReference: {fileID: 0}
    - target: {fileID: 8887520157746690173, guid: 193f60067258a7176ac577373ea69eba, type: 3}
      propertyPath: m_AnchorMin.y
      value: 0
      objectReference: {fileID: 0}
    - target: {fileID: 8887520157746690173, guid: 193f60067258a7176ac577373ea69eba, type: 3}
      propertyPath: m_SizeDelta.x
      value: 0
      objectReference: {fileID: 0}
    - target: {fileID: 8887520157746690173, guid: 193f60067258a7176ac577373ea69eba, type: 3}
      propertyPath: m_SizeDelta.y
      value: 0
      objectReference: {fileID: 0}
    - target: {fileID: 8887520157746690173, guid: 193f60067258a7176ac577373ea69eba, type: 3}
      propertyPath: m_LocalScale.x
      value: 1
      objectReference: {fileID: 0}
    - target: {fileID: 8887520157746690173, guid: 193f60067258a7176ac577373ea69eba, type: 3}
      propertyPath: m_LocalScale.y
      value: 1
      objectReference: {fileID: 0}
    - target: {fileID: 8887520157746690173, guid: 193f60067258a7176ac577373ea69eba, type: 3}
      propertyPath: m_LocalScale.z
      value: 1
      objectReference: {fileID: 0}
    - target: {fileID: 8887520157746690173, guid: 193f60067258a7176ac577373ea69eba, type: 3}
      propertyPath: m_LocalPosition.x
      value: 0
      objectReference: {fileID: 0}
    - target: {fileID: 8887520157746690173, guid: 193f60067258a7176ac577373ea69eba, type: 3}
      propertyPath: m_LocalPosition.y
      value: 0
      objectReference: {fileID: 0}
    - target: {fileID: 8887520157746690173, guid: 193f60067258a7176ac577373ea69eba, type: 3}
      propertyPath: m_LocalPosition.z
      value: 0
      objectReference: {fileID: 0}
    - target: {fileID: 8887520157746690173, guid: 193f60067258a7176ac577373ea69eba, type: 3}
      propertyPath: m_LocalRotation.w
      value: 1
      objectReference: {fileID: 0}
    - target: {fileID: 8887520157746690173, guid: 193f60067258a7176ac577373ea69eba, type: 3}
      propertyPath: m_LocalRotation.x
      value: 0
      objectReference: {fileID: 0}
    - target: {fileID: 8887520157746690173, guid: 193f60067258a7176ac577373ea69eba, type: 3}
      propertyPath: m_LocalRotation.y
      value: 0
      objectReference: {fileID: 0}
    - target: {fileID: 8887520157746690173, guid: 193f60067258a7176ac577373ea69eba, type: 3}
      propertyPath: m_LocalRotation.z
      value: 0
      objectReference: {fileID: 0}
    - target: {fileID: 8887520157746690173, guid: 193f60067258a7176ac577373ea69eba, type: 3}
      propertyPath: m_AnchoredPosition.x
      value: 0
      objectReference: {fileID: 0}
    - target: {fileID: 8887520157746690173, guid: 193f60067258a7176ac577373ea69eba, type: 3}
      propertyPath: m_AnchoredPosition.y
      value: 0
      objectReference: {fileID: 0}
    - target: {fileID: 8887520157746690173, guid: 193f60067258a7176ac577373ea69eba, type: 3}
      propertyPath: m_LocalEulerAnglesHint.x
      value: 0
      objectReference: {fileID: 0}
    - target: {fileID: 8887520157746690173, guid: 193f60067258a7176ac577373ea69eba, type: 3}
      propertyPath: m_LocalEulerAnglesHint.y
      value: 0
      objectReference: {fileID: 0}
    - target: {fileID: 8887520157746690173, guid: 193f60067258a7176ac577373ea69eba, type: 3}
      propertyPath: m_LocalEulerAnglesHint.z
      value: 0
      objectReference: {fileID: 0}
    m_RemovedComponents: []
  m_SourcePrefab: {fileID: 100100000, guid: 193f60067258a7176ac577373ea69eba, type: 3}
--- !u!224 &1789776192553198911 stripped
RectTransform:
  m_CorrespondingSourceObject: {fileID: 2807509972386621450, guid: 193f60067258a7176ac577373ea69eba, type: 3}
  m_PrefabInstance: {fileID: 4476798511885389109}
  m_PrefabAsset: {fileID: 0}
--- !u!1 &6864814487504338863 stripped
GameObject:
  m_CorrespondingSourceObject: {fileID: 7017858229800252058, guid: 193f60067258a7176ac577373ea69eba, type: 3}
  m_PrefabInstance: {fileID: 4476798511885389109}
  m_PrefabAsset: {fileID: 0}
--- !u!114 &225220494557027684 stripped
MonoBehaviour:
  m_CorrespondingSourceObject: {fileID: 4395773132063412305, guid: 193f60067258a7176ac577373ea69eba, type: 3}
  m_PrefabInstance: {fileID: 4476798511885389109}
  m_PrefabAsset: {fileID: 0}
  m_GameObject: {fileID: 6864814487504338863}
  m_Enabled: 1
  m_EditorHideFlags: 0
  m_Script: {fileID: 11500000, guid: f4688fdb7df04437aeb418b961361dc5, type: 3}
  m_Name: 
  m_EditorClassIdentifier: 
--- !u!1 &6556460209210228195 stripped
GameObject:
  m_CorrespondingSourceObject: {fileID: 7268230723672764630, guid: 193f60067258a7176ac577373ea69eba, type: 3}
  m_PrefabInstance: {fileID: 4476798511885389109}
  m_PrefabAsset: {fileID: 0}
--- !u!224 &5005215497209279816 stripped
RectTransform:
  m_CorrespondingSourceObject: {fileID: 8887520157746690173, guid: 193f60067258a7176ac577373ea69eba, type: 3}
  m_PrefabInstance: {fileID: 4476798511885389109}
  m_PrefabAsset: {fileID: 0}
--- !u!1001 &5436114905102485956
PrefabInstance:
  m_ObjectHideFlags: 0
  serializedVersion: 2
  m_Modification:
    m_TransformParent: {fileID: 7507436202109536445}
    m_Modifications:
    - target: {fileID: 1534406632315319299, guid: 193f60067258a7176ac577373ea69eba, type: 3}
      propertyPath: m_SizeDelta.y
      value: -205.34
      objectReference: {fileID: 0}
    - target: {fileID: 1534406632315319299, guid: 193f60067258a7176ac577373ea69eba, type: 3}
      propertyPath: m_LocalPosition.z
      value: 0.000038146973
      objectReference: {fileID: 0}
    - target: {fileID: 1534406632315319299, guid: 193f60067258a7176ac577373ea69eba, type: 3}
      propertyPath: m_AnchoredPosition.x
      value: -4.3651123
      objectReference: {fileID: 0}
    - target: {fileID: 1534406632315319299, guid: 193f60067258a7176ac577373ea69eba, type: 3}
      propertyPath: m_AnchoredPosition.y
      value: 102.67
      objectReference: {fileID: 0}
    - target: {fileID: 2807509972386621450, guid: 193f60067258a7176ac577373ea69eba, type: 3}
      propertyPath: m_SizeDelta.x
      value: 450
      objectReference: {fileID: 0}
    - target: {fileID: 2807509972386621450, guid: 193f60067258a7176ac577373ea69eba, type: 3}
      propertyPath: m_SizeDelta.y
      value: 340.67
      objectReference: {fileID: 0}
    - target: {fileID: 2807509972386621450, guid: 193f60067258a7176ac577373ea69eba, type: 3}
      propertyPath: m_AnchoredPosition.x
      value: 0
      objectReference: {fileID: 0}
    - target: {fileID: 2807509972386621450, guid: 193f60067258a7176ac577373ea69eba, type: 3}
      propertyPath: m_AnchoredPosition.y
      value: 0
      objectReference: {fileID: 0}
    - target: {fileID: 4395773132063412305, guid: 193f60067258a7176ac577373ea69eba, type: 3}
      propertyPath: m_text
      value: "La probabilit\xE9 qu'un fauxton soit pr\xE9sent dans un paquet est
        repr\xE9sent\xE9e sur le cercle:\n"
      objectReference: {fileID: 0}
    - target: {fileID: 4395773132063412305, guid: 193f60067258a7176ac577373ea69eba, type: 3}
      propertyPath: m_fontSize
      value: 25
      objectReference: {fileID: 0}
    - target: {fileID: 4395773132063412305, guid: 193f60067258a7176ac577373ea69eba, type: 3}
      propertyPath: m_fontSizeBase
      value: 25
      objectReference: {fileID: 0}
    - target: {fileID: 7017858229800252058, guid: 193f60067258a7176ac577373ea69eba, type: 3}
      propertyPath: m_IsActive
      value: 1
      objectReference: {fileID: 0}
    - target: {fileID: 7268230723672764630, guid: 193f60067258a7176ac577373ea69eba, type: 3}
      propertyPath: m_Name
      value: Explication Color
      objectReference: {fileID: 0}
    - target: {fileID: 7268230723672764630, guid: 193f60067258a7176ac577373ea69eba, type: 3}
      propertyPath: m_IsActive
      value: 0
      objectReference: {fileID: 0}
    - target: {fileID: 8887520157746690173, guid: 193f60067258a7176ac577373ea69eba, type: 3}
      propertyPath: m_Pivot.x
      value: 0.5
      objectReference: {fileID: 0}
    - target: {fileID: 8887520157746690173, guid: 193f60067258a7176ac577373ea69eba, type: 3}
      propertyPath: m_Pivot.y
      value: 0.5
      objectReference: {fileID: 0}
    - target: {fileID: 8887520157746690173, guid: 193f60067258a7176ac577373ea69eba, type: 3}
      propertyPath: m_RootOrder
      value: 1
      objectReference: {fileID: 0}
    - target: {fileID: 8887520157746690173, guid: 193f60067258a7176ac577373ea69eba, type: 3}
      propertyPath: m_AnchorMax.x
      value: 1
      objectReference: {fileID: 0}
    - target: {fileID: 8887520157746690173, guid: 193f60067258a7176ac577373ea69eba, type: 3}
      propertyPath: m_AnchorMax.y
      value: 1
      objectReference: {fileID: 0}
    - target: {fileID: 8887520157746690173, guid: 193f60067258a7176ac577373ea69eba, type: 3}
      propertyPath: m_AnchorMin.x
      value: 0
      objectReference: {fileID: 0}
    - target: {fileID: 8887520157746690173, guid: 193f60067258a7176ac577373ea69eba, type: 3}
      propertyPath: m_AnchorMin.y
      value: 0
      objectReference: {fileID: 0}
    - target: {fileID: 8887520157746690173, guid: 193f60067258a7176ac577373ea69eba, type: 3}
      propertyPath: m_SizeDelta.x
      value: 0
      objectReference: {fileID: 0}
    - target: {fileID: 8887520157746690173, guid: 193f60067258a7176ac577373ea69eba, type: 3}
      propertyPath: m_SizeDelta.y
      value: 0
      objectReference: {fileID: 0}
    - target: {fileID: 8887520157746690173, guid: 193f60067258a7176ac577373ea69eba, type: 3}
      propertyPath: m_LocalPosition.x
      value: 0
      objectReference: {fileID: 0}
    - target: {fileID: 8887520157746690173, guid: 193f60067258a7176ac577373ea69eba, type: 3}
      propertyPath: m_LocalPosition.y
      value: 0
      objectReference: {fileID: 0}
    - target: {fileID: 8887520157746690173, guid: 193f60067258a7176ac577373ea69eba, type: 3}
      propertyPath: m_LocalPosition.z
      value: 0
      objectReference: {fileID: 0}
    - target: {fileID: 8887520157746690173, guid: 193f60067258a7176ac577373ea69eba, type: 3}
      propertyPath: m_LocalRotation.w
      value: 1
      objectReference: {fileID: 0}
    - target: {fileID: 8887520157746690173, guid: 193f60067258a7176ac577373ea69eba, type: 3}
      propertyPath: m_LocalRotation.x
      value: 0
      objectReference: {fileID: 0}
    - target: {fileID: 8887520157746690173, guid: 193f60067258a7176ac577373ea69eba, type: 3}
      propertyPath: m_LocalRotation.y
      value: 0
      objectReference: {fileID: 0}
    - target: {fileID: 8887520157746690173, guid: 193f60067258a7176ac577373ea69eba, type: 3}
      propertyPath: m_LocalRotation.z
      value: 0
      objectReference: {fileID: 0}
    - target: {fileID: 8887520157746690173, guid: 193f60067258a7176ac577373ea69eba, type: 3}
      propertyPath: m_AnchoredPosition.x
      value: 0
      objectReference: {fileID: 0}
    - target: {fileID: 8887520157746690173, guid: 193f60067258a7176ac577373ea69eba, type: 3}
      propertyPath: m_AnchoredPosition.y
      value: 0
      objectReference: {fileID: 0}
    - target: {fileID: 8887520157746690173, guid: 193f60067258a7176ac577373ea69eba, type: 3}
      propertyPath: m_LocalEulerAnglesHint.x
      value: 0
      objectReference: {fileID: 0}
    - target: {fileID: 8887520157746690173, guid: 193f60067258a7176ac577373ea69eba, type: 3}
      propertyPath: m_LocalEulerAnglesHint.y
      value: 0
      objectReference: {fileID: 0}
    - target: {fileID: 8887520157746690173, guid: 193f60067258a7176ac577373ea69eba, type: 3}
      propertyPath: m_LocalEulerAnglesHint.z
      value: 0
      objectReference: {fileID: 0}
    m_RemovedComponents: []
  m_SourcePrefab: {fileID: 100100000, guid: 193f60067258a7176ac577373ea69eba, type: 3}
--- !u!114 &8534349794818103701 stripped
MonoBehaviour:
  m_CorrespondingSourceObject: {fileID: 4395773132063412305, guid: 193f60067258a7176ac577373ea69eba, type: 3}
  m_PrefabInstance: {fileID: 5436114905102485956}
  m_PrefabAsset: {fileID: 0}
  m_GameObject: {fileID: 3032195048769633118}
  m_Enabled: 1
  m_EditorHideFlags: 0
  m_Script: {fileID: 11500000, guid: f4688fdb7df04437aeb418b961361dc5, type: 3}
  m_Name: 
  m_EditorClassIdentifier: 
--- !u!1 &3032195048769633118 stripped
GameObject:
  m_CorrespondingSourceObject: {fileID: 7017858229800252058, guid: 193f60067258a7176ac577373ea69eba, type: 3}
  m_PrefabInstance: {fileID: 5436114905102485956}
  m_PrefabAsset: {fileID: 0}
--- !u!224 &7892191959340523982 stripped
RectTransform:
  m_CorrespondingSourceObject: {fileID: 2807509972386621450, guid: 193f60067258a7176ac577373ea69eba, type: 3}
  m_PrefabInstance: {fileID: 5436114905102485956}
  m_PrefabAsset: {fileID: 0}
--- !u!224 &3469502114668638649 stripped
RectTransform:
  m_CorrespondingSourceObject: {fileID: 8887520157746690173, guid: 193f60067258a7176ac577373ea69eba, type: 3}
  m_PrefabInstance: {fileID: 5436114905102485956}
  m_PrefabAsset: {fileID: 0}
--- !u!1 &3435407458570303762 stripped
GameObject:
  m_CorrespondingSourceObject: {fileID: 7268230723672764630, guid: 193f60067258a7176ac577373ea69eba, type: 3}
  m_PrefabInstance: {fileID: 5436114905102485956}
  m_PrefabAsset: {fileID: 0}
--- !u!1001 &8840912250582242639
PrefabInstance:
  m_ObjectHideFlags: 0
  serializedVersion: 2
  m_Modification:
    m_TransformParent: {fileID: 7507436202109536445}
    m_Modifications:
    - target: {fileID: 2807509972386621450, guid: 193f60067258a7176ac577373ea69eba, type: 3}
      propertyPath: m_SizeDelta.x
      value: 520.4942
      objectReference: {fileID: 0}
    - target: {fileID: 2807509972386621450, guid: 193f60067258a7176ac577373ea69eba, type: 3}
      propertyPath: m_SizeDelta.y
      value: 229.0458
      objectReference: {fileID: 0}
    - target: {fileID: 4395773132063412305, guid: 193f60067258a7176ac577373ea69eba, type: 3}
      propertyPath: m_text
      value: "A tout moment, tu peux mettre en pause la simulation et cliquer sur
        un paquet. \nTu pourras voir en d\xE9tail les probables fauxtons qui s'y
        cachent."
      objectReference: {fileID: 0}
    - target: {fileID: 4395773132063412305, guid: 193f60067258a7176ac577373ea69eba, type: 3}
      propertyPath: m_fontSize
      value: 28
      objectReference: {fileID: 0}
    - target: {fileID: 4395773132063412305, guid: 193f60067258a7176ac577373ea69eba, type: 3}
      propertyPath: m_fontSizeBase
      value: 28
      objectReference: {fileID: 0}
    - target: {fileID: 7268230723672764630, guid: 193f60067258a7176ac577373ea69eba, type: 3}
      propertyPath: m_Name
      value: Explicationclicpaquet
      objectReference: {fileID: 0}
    - target: {fileID: 7268230723672764630, guid: 193f60067258a7176ac577373ea69eba, type: 3}
      propertyPath: m_IsActive
      value: 0
      objectReference: {fileID: 0}
    - target: {fileID: 8887520157746690173, guid: 193f60067258a7176ac577373ea69eba, type: 3}
      propertyPath: m_Pivot.x
      value: 0.5
      objectReference: {fileID: 0}
    - target: {fileID: 8887520157746690173, guid: 193f60067258a7176ac577373ea69eba, type: 3}
      propertyPath: m_Pivot.y
      value: 0.5
      objectReference: {fileID: 0}
    - target: {fileID: 8887520157746690173, guid: 193f60067258a7176ac577373ea69eba, type: 3}
      propertyPath: m_RootOrder
      value: 4
      objectReference: {fileID: 0}
    - target: {fileID: 8887520157746690173, guid: 193f60067258a7176ac577373ea69eba, type: 3}
      propertyPath: m_AnchorMax.x
      value: 1
      objectReference: {fileID: 0}
    - target: {fileID: 8887520157746690173, guid: 193f60067258a7176ac577373ea69eba, type: 3}
      propertyPath: m_AnchorMax.y
      value: 1
      objectReference: {fileID: 0}
    - target: {fileID: 8887520157746690173, guid: 193f60067258a7176ac577373ea69eba, type: 3}
      propertyPath: m_AnchorMin.x
      value: 0
      objectReference: {fileID: 0}
    - target: {fileID: 8887520157746690173, guid: 193f60067258a7176ac577373ea69eba, type: 3}
      propertyPath: m_AnchorMin.y
      value: 0
      objectReference: {fileID: 0}
    - target: {fileID: 8887520157746690173, guid: 193f60067258a7176ac577373ea69eba, type: 3}
      propertyPath: m_SizeDelta.x
      value: 0
      objectReference: {fileID: 0}
    - target: {fileID: 8887520157746690173, guid: 193f60067258a7176ac577373ea69eba, type: 3}
      propertyPath: m_SizeDelta.y
      value: 0
      objectReference: {fileID: 0}
    - target: {fileID: 8887520157746690173, guid: 193f60067258a7176ac577373ea69eba, type: 3}
      propertyPath: m_LocalScale.x
      value: 1
      objectReference: {fileID: 0}
    - target: {fileID: 8887520157746690173, guid: 193f60067258a7176ac577373ea69eba, type: 3}
      propertyPath: m_LocalScale.y
      value: 1
      objectReference: {fileID: 0}
    - target: {fileID: 8887520157746690173, guid: 193f60067258a7176ac577373ea69eba, type: 3}
      propertyPath: m_LocalScale.z
      value: 1
      objectReference: {fileID: 0}
    - target: {fileID: 8887520157746690173, guid: 193f60067258a7176ac577373ea69eba, type: 3}
      propertyPath: m_LocalPosition.x
      value: 0
      objectReference: {fileID: 0}
    - target: {fileID: 8887520157746690173, guid: 193f60067258a7176ac577373ea69eba, type: 3}
      propertyPath: m_LocalPosition.y
      value: 0
      objectReference: {fileID: 0}
    - target: {fileID: 8887520157746690173, guid: 193f60067258a7176ac577373ea69eba, type: 3}
      propertyPath: m_LocalPosition.z
      value: 0
      objectReference: {fileID: 0}
    - target: {fileID: 8887520157746690173, guid: 193f60067258a7176ac577373ea69eba, type: 3}
      propertyPath: m_LocalRotation.w
      value: 1
      objectReference: {fileID: 0}
    - target: {fileID: 8887520157746690173, guid: 193f60067258a7176ac577373ea69eba, type: 3}
      propertyPath: m_LocalRotation.x
      value: 0
      objectReference: {fileID: 0}
    - target: {fileID: 8887520157746690173, guid: 193f60067258a7176ac577373ea69eba, type: 3}
      propertyPath: m_LocalRotation.y
      value: 0
      objectReference: {fileID: 0}
    - target: {fileID: 8887520157746690173, guid: 193f60067258a7176ac577373ea69eba, type: 3}
      propertyPath: m_LocalRotation.z
      value: 0
      objectReference: {fileID: 0}
    - target: {fileID: 8887520157746690173, guid: 193f60067258a7176ac577373ea69eba, type: 3}
      propertyPath: m_AnchoredPosition.x
      value: 0
      objectReference: {fileID: 0}
    - target: {fileID: 8887520157746690173, guid: 193f60067258a7176ac577373ea69eba, type: 3}
      propertyPath: m_AnchoredPosition.y
      value: 0
      objectReference: {fileID: 0}
    - target: {fileID: 8887520157746690173, guid: 193f60067258a7176ac577373ea69eba, type: 3}
      propertyPath: m_LocalEulerAnglesHint.x
      value: 0
      objectReference: {fileID: 0}
    - target: {fileID: 8887520157746690173, guid: 193f60067258a7176ac577373ea69eba, type: 3}
      propertyPath: m_LocalEulerAnglesHint.y
      value: 0
      objectReference: {fileID: 0}
    - target: {fileID: 8887520157746690173, guid: 193f60067258a7176ac577373ea69eba, type: 3}
      propertyPath: m_LocalEulerAnglesHint.z
      value: 0
      objectReference: {fileID: 0}
    m_RemovedComponents: []
  m_SourcePrefab: {fileID: 100100000, guid: 193f60067258a7176ac577373ea69eba, type: 3}
--- !u!1 &2192350922192119193 stripped
GameObject:
  m_CorrespondingSourceObject: {fileID: 7268230723672764630, guid: 193f60067258a7176ac577373ea69eba, type: 3}
  m_PrefabInstance: {fileID: 8840912250582242639}
  m_PrefabAsset: {fileID: 0}
--- !u!224 &137336317087837490 stripped
RectTransform:
  m_CorrespondingSourceObject: {fileID: 8887520157746690173, guid: 193f60067258a7176ac577373ea69eba, type: 3}
  m_PrefabInstance: {fileID: 8840912250582242639}
  m_PrefabAsset: {fileID: 0}
--- !u!1 &2005590819835291605 stripped
GameObject:
  m_CorrespondingSourceObject: {fileID: 7017858229800252058, guid: 193f60067258a7176ac577373ea69eba, type: 3}
  m_PrefabInstance: {fileID: 8840912250582242639}
  m_PrefabAsset: {fileID: 0}
--- !u!114 &5166146120656749854 stripped
MonoBehaviour:
  m_CorrespondingSourceObject: {fileID: 4395773132063412305, guid: 193f60067258a7176ac577373ea69eba, type: 3}
  m_PrefabInstance: {fileID: 8840912250582242639}
  m_PrefabAsset: {fileID: 0}
  m_GameObject: {fileID: 2005590819835291605}
  m_Enabled: 1
  m_EditorHideFlags: 0
  m_Script: {fileID: 11500000, guid: f4688fdb7df04437aeb418b961361dc5, type: 3}
  m_Name: 
  m_EditorClassIdentifier: 
