%YAML 1.1
%TAG !u! tag:unity3d.com,2011:
--- !u!1 &173778786886474100
GameObject:
  m_ObjectHideFlags: 0
  m_CorrespondingSourceObject: {fileID: 0}
  m_PrefabInstance: {fileID: 0}
  m_PrefabAsset: {fileID: 0}
  serializedVersion: 6
  m_Component:
  - component: {fileID: 173778786886474103}
  - component: {fileID: 7193323791387640714}
  m_Layer: 5
  m_Name: IntroLevelFusing
  m_TagString: Untagged
  m_Icon: {fileID: 0}
  m_NavMeshLayer: 0
  m_StaticEditorFlags: 0
  m_IsActive: 1
--- !u!224 &173778786886474103
RectTransform:
  m_ObjectHideFlags: 0
  m_CorrespondingSourceObject: {fileID: 0}
  m_PrefabInstance: {fileID: 0}
  m_PrefabAsset: {fileID: 0}
  m_GameObject: {fileID: 173778786886474100}
  m_LocalRotation: {x: 0, y: 0, z: 0, w: 1}
  m_LocalPosition: {x: 0, y: 0, z: -100}
  m_LocalScale: {x: 1, y: 1, z: 1}
  m_Children:
  - {fileID: 7507436202109536445}
  - {fileID: 775408087313623779}
  m_Father: {fileID: 0}
  m_RootOrder: 0
  m_LocalEulerAnglesHint: {x: 0, y: 0, z: 0}
  m_AnchorMin: {x: 0, y: 0}
  m_AnchorMax: {x: 1, y: 1}
  m_AnchoredPosition: {x: 0, y: 0}
  m_SizeDelta: {x: 0, y: 0}
  m_Pivot: {x: 0.5, y: 0.5}
--- !u!114 &7193323791387640714
MonoBehaviour:
  m_ObjectHideFlags: 0
  m_CorrespondingSourceObject: {fileID: 0}
  m_PrefabInstance: {fileID: 0}
  m_PrefabAsset: {fileID: 0}
  m_GameObject: {fileID: 173778786886474100}
  m_Enabled: 1
  m_EditorHideFlags: 0
  m_Script: {fileID: 11500000, guid: fe3b4432667fee9489d913c8d325682b, type: 3}
  m_Name: 
  m_EditorClassIdentifier: 
  _fontSize: 25
  _fontAsset: {fileID: 0}
  _minTimePerCharacter: 0.001
  _leftProta: {fileID: 3480772891955166923}
  _rightProta: {fileID: 3480772892185074361}
  _textBox: {fileID: 3480772891083613377}
  _text: {fileID: 3480772890899139354}
  _dialogueList:
  - _quote: "On peut donc cr\xE9er des paquets avec un fauxton \xE0 partir de paquets
      \xE0 deux fauxtons !"
    _quoteEnglish: So, we can create packets with one faketon from packets with two!
    _pausePerLetter: 0
    _fontSize: -1
    _newPage: 1
    _newLine: 0
    _characterEmotion: 1
    _characId: 0
  - _quote: Est-ce que l'inverse est possible ? J'imagine qu'il va nous falloir encore
      un nouvel instrument...
    _quoteEnglish: Can we do the reverse operation? I imagine we are going to need
      another instrument.
    _pausePerLetter: 0
    _fontSize: -1
    _newPage: 1
    _newLine: 0
    _characterEmotion: 5
    _characId: 0
  - _quote: 'Eh bien non ! '
    _quoteEnglish: Well... no!
    _pausePerLetter: 0
    _fontSize: -1
    _newPage: 1
    _newLine: 0
    _characterEmotion: 1
    _characId: 1
  - _quote: "Tu peux utiliser le s\xE9parateur de paquet pour cr\xE9er des paquets
      \xE0 deux fauxtons \xE0 partir de paquets \xE0 un fauxton."
    _quoteEnglish: You can use the beam splitter to build packets with two faketons
      using packets with one faketon.
    _pausePerLetter: 0
    _fontSize: -1
    _newPage: 1
    _newLine: 0
    _characterEmotion: 4
    _characId: 1
  - _quote: "Il te faut savoir que les fauxtons, comme leurs analogues photons, sont
      des bosons. Cela signifie qu'il vont rester group\xE9s s'ils se rencontrent
      sur un s\xE9parateur."
    _quoteEnglish: You have know that faketons, as their photons analogus, are bosons.
      It means they will group together if they meet on a beam splitter.
    _pausePerLetter: 0
    _fontSize: -1
    _newPage: 1
    _newLine: 0
    _characterEmotion: 4
    _characId: 1
  - _quote: "Donc, si j'envoie deux fauxtons en m\xEAme temps sur un s\xE9parateur,
      ils vont repartir ensemble... L'un va rebondir dessus et l'autre va le traverser!"
    _quoteEnglish: So, if I send two faketons at the same time on different faces
      of a splitter, they will leave together. One will bounce and the other will
      pass throught.
    _pausePerLetter: 0
    _fontSize: -1
    _newPage: 1
    _newLine: 0
    _characterEmotion: 3
    _characId: 0
  - _quote: "C'est \xE7a ! Et comme on ne sait pas dans quelle directions ils vont
      partir, cela cr\xE9e deux paquets li\xE9s !"
    _quoteEnglish: That's it! And as we do not know in which direction they will
      leave, it will create two linked packets!
    _pausePerLetter: 0
    _fontSize: -1
    _newPage: 1
    _newLine: 0
    _characterEmotion: 1
    _characId: 1
  _uiPanelList:
  - _panel: {fileID: 8003982934190139777}
    _pointSomewhereOnGrid: 0
    _pointedPosition: {x: 0, y: 0}
  - _panel: {fileID: 2289355508790986638}
    _pointSomewhereOnGrid: 0
    _pointedPosition: {x: 0, y: 0}
  - _panel: {fileID: 6951549284443256389}
    _pointSomewhereOnGrid: 0
    _pointedPosition: {x: 0, y: 0}
  - _panel: {fileID: 3162301143628229432}
    _pointSomewhereOnGrid: 0
    _pointedPosition: {x: 0, y: 0}
--- !u!114 &2294425176203554068
MonoBehaviour:
  m_ObjectHideFlags: 0
  m_CorrespondingSourceObject: {fileID: 0}
  m_PrefabInstance: {fileID: 0}
  m_PrefabAsset: {fileID: 0}
  m_GameObject: {fileID: 1908660932851123650}
  m_Enabled: 1
  m_EditorHideFlags: 0
  m_Script: {fileID: 11500000, guid: ce8b5ef5ad2e3fd42af6fbe9c4c73d5b, type: 3}
  m_Name: 
  m_EditorClassIdentifier: 
  _textObjs:
  - {fileID: 5050912045198927625}
  _texts:
  - "Tu observes ici une propri\xE9t\xE9 int\xE9ressante des bosons comme les photons
    et les fauxtons : ils ont tendances \xE0 se regrouper."
  - It's a very interesting properties of bosons -- as photons and faketons --, they
    have a tendency to regroup.
--- !u!1 &1939765738902289059
GameObject:
  m_ObjectHideFlags: 0
  m_CorrespondingSourceObject: {fileID: 0}
  m_PrefabInstance: {fileID: 0}
  m_PrefabAsset: {fileID: 0}
  serializedVersion: 6
  m_Component:
  - component: {fileID: 6024089789273340063}
  - component: {fileID: 5867699958658908650}
  - component: {fileID: 4114342818534876738}
  m_Layer: 0
  m_Name: square2
  m_TagString: Untagged
  m_Icon: {fileID: 0}
  m_NavMeshLayer: 0
  m_StaticEditorFlags: 0
  m_IsActive: 0
--- !u!224 &6024089789273340063
RectTransform:
  m_ObjectHideFlags: 0
  m_CorrespondingSourceObject: {fileID: 0}
  m_PrefabInstance: {fileID: 0}
  m_PrefabAsset: {fileID: 0}
  m_GameObject: {fileID: 1939765738902289059}
  m_LocalRotation: {x: 0, y: 0, z: 0, w: 1}
  m_LocalPosition: {x: 0, y: 0, z: -0.000045776367}
  m_LocalScale: {x: 1, y: 1, z: 1}
  m_Children: []
  m_Father: {fileID: 3258471111332065629}
  m_RootOrder: 1
  m_LocalEulerAnglesHint: {x: 0, y: 0, z: 0}
  m_AnchorMin: {x: 0.5, y: 0.5}
  m_AnchorMax: {x: 0.5, y: 0.5}
  m_AnchoredPosition: {x: -361, y: 99}
  m_SizeDelta: {x: 48, y: 48}
  m_Pivot: {x: 0.49999994, y: 0.49999997}
--- !u!222 &5867699958658908650
CanvasRenderer:
  m_ObjectHideFlags: 0
  m_CorrespondingSourceObject: {fileID: 0}
  m_PrefabInstance: {fileID: 0}
  m_PrefabAsset: {fileID: 0}
  m_GameObject: {fileID: 1939765738902289059}
  m_CullTransparentMesh: 1
--- !u!114 &4114342818534876738
MonoBehaviour:
  m_ObjectHideFlags: 0
  m_CorrespondingSourceObject: {fileID: 0}
  m_PrefabInstance: {fileID: 0}
  m_PrefabAsset: {fileID: 0}
  m_GameObject: {fileID: 1939765738902289059}
  m_Enabled: 1
  m_EditorHideFlags: 0
  m_Script: {fileID: 11500000, guid: fe87c0e1cc204ed48ad3b37840f39efc, type: 3}
  m_Name: 
  m_EditorClassIdentifier: 
  m_Material: {fileID: 0}
  m_Color: {r: 1, g: 1, b: 1, a: 1}
  m_RaycastTarget: 1
  m_RaycastPadding: {x: 0, y: 0, z: 0, w: 0}
  m_Maskable: 1
  m_OnCullStateChanged:
    m_PersistentCalls:
      m_Calls: []
  m_Sprite: {fileID: 21300000, guid: 54d4ee4e9711a8d4484d5b046f9e5518, type: 3}
  m_Type: 0
  m_PreserveAspect: 0
  m_FillCenter: 1
  m_FillMethod: 4
  m_FillAmount: 1
  m_FillClockwise: 1
  m_FillOrigin: 0
  m_UseSpriteMesh: 0
  m_PixelsPerUnitMultiplier: 1
--- !u!114 &3990613305816597730
MonoBehaviour:
  m_ObjectHideFlags: 0
  m_CorrespondingSourceObject: {fileID: 0}
  m_PrefabInstance: {fileID: 0}
  m_PrefabAsset: {fileID: 0}
  m_GameObject: {fileID: 3340335668031547764}
  m_Enabled: 1
  m_EditorHideFlags: 0
  m_Script: {fileID: 11500000, guid: ce8b5ef5ad2e3fd42af6fbe9c4c73d5b, type: 3}
  m_Name: 
  m_EditorClassIdentifier: 
  _textObjs:
  - {fileID: 8232541810359356351}
  _texts:
  - "Essaie maintenant de fusionner deux paquets \xE0 1 fauxton pour obtenir un paquet
    \xE0 2 fauxtons !"
  - Try now to fuse two packets with one faketon to build a packet with two faketons!
--- !u!1 &6392886861955877543
GameObject:
  m_ObjectHideFlags: 0
  m_CorrespondingSourceObject: {fileID: 0}
  m_PrefabInstance: {fileID: 0}
  m_PrefabAsset: {fileID: 0}
  serializedVersion: 6
  m_Component:
  - component: {fileID: 7507436202109536445}
  m_Layer: 0
  m_Name: Panels
  m_TagString: Untagged
  m_Icon: {fileID: 0}
  m_NavMeshLayer: 0
  m_StaticEditorFlags: 0
  m_IsActive: 1
--- !u!224 &7507436202109536445
RectTransform:
  m_ObjectHideFlags: 0
  m_CorrespondingSourceObject: {fileID: 0}
  m_PrefabInstance: {fileID: 0}
  m_PrefabAsset: {fileID: 0}
  m_GameObject: {fileID: 6392886861955877543}
  m_LocalRotation: {x: -0, y: -0, z: -0, w: 1}
  m_LocalPosition: {x: 0, y: 0, z: 0}
  m_LocalScale: {x: 1, y: 1, z: 1}
  m_Children:
  - {fileID: 8113513150268317994}
  - {fileID: 22040397313675045}
  - {fileID: 9219990029405355758}
  - {fileID: 3776797195529921427}
  m_Father: {fileID: 173778786886474103}
  m_RootOrder: 0
  m_LocalEulerAnglesHint: {x: 0, y: 0, z: 0}
  m_AnchorMin: {x: 0, y: 0}
  m_AnchorMax: {x: 1, y: 1}
  m_AnchoredPosition: {x: 0, y: 0}
  m_SizeDelta: {x: 0, y: 0}
  m_Pivot: {x: 0.5, y: 0.5}
--- !u!114 &4306543767038582648
MonoBehaviour:
  m_ObjectHideFlags: 0
  m_CorrespondingSourceObject: {fileID: 0}
  m_PrefabInstance: {fileID: 0}
  m_PrefabAsset: {fileID: 0}
  m_GameObject: {fileID: 7332243422026118153}
  m_Enabled: 1
  m_EditorHideFlags: 0
  m_Script: {fileID: 11500000, guid: ce8b5ef5ad2e3fd42af6fbe9c4c73d5b, type: 3}
  m_Name: 
  m_EditorClassIdentifier: 
  _textObjs:
  - {fileID: 4153937562603132610}
  _texts:
  - "Attention : cela ne fonctionne que si les paquets arrivent simultan\xE9ment
    par le bas et la gauche ou bien par le haut et la droite du s\xE9parateur ! Car
    les paquets doivent ressortir dans les m\xEAme directions."
  - 'Beware: it will works only if the packets come simultaneously from the bottom
    and the left or by the top and the right of the splitter! Because to regroup,
    packets have to leave the splitter by the same directions.'
--- !u!114 &5427021805383880182
MonoBehaviour:
  m_ObjectHideFlags: 0
  m_CorrespondingSourceObject: {fileID: 0}
  m_PrefabInstance: {fileID: 0}
  m_PrefabAsset: {fileID: 0}
  m_GameObject: {fileID: 7686058687879900109}
  m_Enabled: 1
  m_EditorHideFlags: 0
  m_Script: {fileID: 11500000, guid: ce8b5ef5ad2e3fd42af6fbe9c4c73d5b, type: 3}
  m_Name: 
  m_EditorClassIdentifier: 
  _textObjs:
  - {fileID: 3949306234010716422}
  _texts:
  - "Si deux paquets arrivent en m\xEAme temps sur un s\xE9parateur, ils ne se collisionnent
    pas, ils fusionnent.\n"
  - If two packets reach at the same time a splitter, they will not collide, they
    will fuse.
--- !u!1 &7724287757199576370
GameObject:
  m_ObjectHideFlags: 0
  m_CorrespondingSourceObject: {fileID: 0}
  m_PrefabInstance: {fileID: 0}
  m_PrefabAsset: {fileID: 0}
  serializedVersion: 6
  m_Component:
  - component: {fileID: 8759474468706385728}
  - component: {fileID: 7234705420151060892}
  - component: {fileID: 1767608716778836076}
  m_Layer: 0
  m_Name: square2
  m_TagString: Untagged
  m_Icon: {fileID: 0}
  m_NavMeshLayer: 0
  m_StaticEditorFlags: 0
  m_IsActive: 0
--- !u!224 &8759474468706385728
RectTransform:
  m_ObjectHideFlags: 0
  m_CorrespondingSourceObject: {fileID: 0}
  m_PrefabInstance: {fileID: 0}
  m_PrefabAsset: {fileID: 0}
  m_GameObject: {fileID: 7724287757199576370}
  m_LocalRotation: {x: 0, y: 0, z: 0, w: 1}
  m_LocalPosition: {x: 0, y: 0, z: -0.000045776367}
  m_LocalScale: {x: 1, y: 1, z: 1}
  m_Children: []
  m_Father: {fileID: 6768587605676318546}
  m_RootOrder: 1
  m_LocalEulerAnglesHint: {x: 0, y: 0, z: 0}
  m_AnchorMin: {x: 0.5, y: 0.5}
  m_AnchorMax: {x: 0.5, y: 0.5}
  m_AnchoredPosition: {x: -361, y: 99}
  m_SizeDelta: {x: 48, y: 48}
  m_Pivot: {x: 0.49999994, y: 0.49999997}
--- !u!222 &7234705420151060892
CanvasRenderer:
  m_ObjectHideFlags: 0
  m_CorrespondingSourceObject: {fileID: 0}
  m_PrefabInstance: {fileID: 0}
  m_PrefabAsset: {fileID: 0}
  m_GameObject: {fileID: 7724287757199576370}
  m_CullTransparentMesh: 1
--- !u!114 &1767608716778836076
MonoBehaviour:
  m_ObjectHideFlags: 0
  m_CorrespondingSourceObject: {fileID: 0}
  m_PrefabInstance: {fileID: 0}
  m_PrefabAsset: {fileID: 0}
  m_GameObject: {fileID: 7724287757199576370}
  m_Enabled: 1
  m_EditorHideFlags: 0
  m_Script: {fileID: 11500000, guid: fe87c0e1cc204ed48ad3b37840f39efc, type: 3}
  m_Name: 
  m_EditorClassIdentifier: 
  m_Material: {fileID: 0}
  m_Color: {r: 1, g: 1, b: 1, a: 1}
  m_RaycastTarget: 1
  m_RaycastPadding: {x: 0, y: 0, z: 0, w: 0}
  m_Maskable: 1
  m_OnCullStateChanged:
    m_PersistentCalls:
      m_Calls: []
  m_Sprite: {fileID: 21300000, guid: 54d4ee4e9711a8d4484d5b046f9e5518, type: 3}
  m_Type: 0
  m_PreserveAspect: 0
  m_FillCenter: 1
  m_FillMethod: 4
  m_FillAmount: 1
  m_FillClockwise: 1
  m_FillOrigin: 0
  m_UseSpriteMesh: 0
  m_PixelsPerUnitMultiplier: 1
--- !u!1001 &334722589002040979
PrefabInstance:
  m_ObjectHideFlags: 0
  serializedVersion: 2
  m_Modification:
    m_TransformParent: {fileID: 7507436202109536445}
    m_Modifications:
    - target: {fileID: 2807509972386621450, guid: 193f60067258a7176ac577373ea69eba, type: 3}
      propertyPath: m_SizeDelta.x
      value: 530
      objectReference: {fileID: 0}
    - target: {fileID: 2807509972386621450, guid: 193f60067258a7176ac577373ea69eba, type: 3}
      propertyPath: m_SizeDelta.y
      value: 237.3287
      objectReference: {fileID: 0}
    - target: {fileID: 2807509972386621450, guid: 193f60067258a7176ac577373ea69eba, type: 3}
      propertyPath: m_AnchoredPosition.x
      value: 0
      objectReference: {fileID: 0}
    - target: {fileID: 2807509972386621450, guid: 193f60067258a7176ac577373ea69eba, type: 3}
      propertyPath: m_AnchoredPosition.y
      value: 0
      objectReference: {fileID: 0}
    - target: {fileID: 4395773132063412305, guid: 193f60067258a7176ac577373ea69eba, type: 3}
      propertyPath: m_text
      value: "Attention : cela ne fonctionne que si les paquets arrivent simultan\xE9ment
        par le bas et la gauche ou bien par le haut et la droite du s\xE9parateur
        ! Car les paquets doivent ressortir dans les m\xEAme directions."
      objectReference: {fileID: 0}
    - target: {fileID: 4395773132063412305, guid: 193f60067258a7176ac577373ea69eba, type: 3}
      propertyPath: m_fontSize
      value: 25
      objectReference: {fileID: 0}
    - target: {fileID: 4395773132063412305, guid: 193f60067258a7176ac577373ea69eba, type: 3}
      propertyPath: m_fontSizeBase
      value: 25
      objectReference: {fileID: 0}
    - target: {fileID: 4715564421830494084, guid: 193f60067258a7176ac577373ea69eba, type: 3}
      propertyPath: m_SizeDelta.x
      value: 48
      objectReference: {fileID: 0}
    - target: {fileID: 4715564421830494084, guid: 193f60067258a7176ac577373ea69eba, type: 3}
      propertyPath: m_SizeDelta.y
      value: 48
      objectReference: {fileID: 0}
    - target: {fileID: 4715564421830494084, guid: 193f60067258a7176ac577373ea69eba, type: 3}
      propertyPath: m_AnchoredPosition.x
      value: -305
      objectReference: {fileID: 0}
    - target: {fileID: 4715564421830494084, guid: 193f60067258a7176ac577373ea69eba, type: 3}
      propertyPath: m_AnchoredPosition.y
      value: 153
      objectReference: {fileID: 0}
    - target: {fileID: 7268230723672764630, guid: 193f60067258a7176ac577373ea69eba, type: 3}
      propertyPath: m_Name
      value: ExplicFusing2
      objectReference: {fileID: 0}
    - target: {fileID: 7268230723672764630, guid: 193f60067258a7176ac577373ea69eba, type: 3}
      propertyPath: m_IsActive
      value: 0
      objectReference: {fileID: 0}
    - target: {fileID: 7648887007405394973, guid: 193f60067258a7176ac577373ea69eba, type: 3}
      propertyPath: m_IsActive
      value: 0
      objectReference: {fileID: 0}
    - target: {fileID: 8887520157746690173, guid: 193f60067258a7176ac577373ea69eba, type: 3}
      propertyPath: m_Pivot.x
      value: 0.5
      objectReference: {fileID: 0}
    - target: {fileID: 8887520157746690173, guid: 193f60067258a7176ac577373ea69eba, type: 3}
      propertyPath: m_Pivot.y
      value: 0.5
      objectReference: {fileID: 0}
    - target: {fileID: 8887520157746690173, guid: 193f60067258a7176ac577373ea69eba, type: 3}
      propertyPath: m_RootOrder
      value: 2
      objectReference: {fileID: 0}
    - target: {fileID: 8887520157746690173, guid: 193f60067258a7176ac577373ea69eba, type: 3}
      propertyPath: m_AnchorMax.x
      value: 1
      objectReference: {fileID: 0}
    - target: {fileID: 8887520157746690173, guid: 193f60067258a7176ac577373ea69eba, type: 3}
      propertyPath: m_AnchorMax.y
      value: 1
      objectReference: {fileID: 0}
    - target: {fileID: 8887520157746690173, guid: 193f60067258a7176ac577373ea69eba, type: 3}
      propertyPath: m_AnchorMin.x
      value: 0
      objectReference: {fileID: 0}
    - target: {fileID: 8887520157746690173, guid: 193f60067258a7176ac577373ea69eba, type: 3}
      propertyPath: m_AnchorMin.y
      value: 0
      objectReference: {fileID: 0}
    - target: {fileID: 8887520157746690173, guid: 193f60067258a7176ac577373ea69eba, type: 3}
      propertyPath: m_SizeDelta.x
      value: 0
      objectReference: {fileID: 0}
    - target: {fileID: 8887520157746690173, guid: 193f60067258a7176ac577373ea69eba, type: 3}
      propertyPath: m_SizeDelta.y
      value: 0
      objectReference: {fileID: 0}
    - target: {fileID: 8887520157746690173, guid: 193f60067258a7176ac577373ea69eba, type: 3}
      propertyPath: m_LocalPosition.x
      value: 0
      objectReference: {fileID: 0}
    - target: {fileID: 8887520157746690173, guid: 193f60067258a7176ac577373ea69eba, type: 3}
      propertyPath: m_LocalPosition.y
      value: 0
      objectReference: {fileID: 0}
    - target: {fileID: 8887520157746690173, guid: 193f60067258a7176ac577373ea69eba, type: 3}
      propertyPath: m_LocalPosition.z
      value: 0
      objectReference: {fileID: 0}
    - target: {fileID: 8887520157746690173, guid: 193f60067258a7176ac577373ea69eba, type: 3}
      propertyPath: m_LocalRotation.w
      value: 1
      objectReference: {fileID: 0}
    - target: {fileID: 8887520157746690173, guid: 193f60067258a7176ac577373ea69eba, type: 3}
      propertyPath: m_LocalRotation.x
      value: 0
      objectReference: {fileID: 0}
    - target: {fileID: 8887520157746690173, guid: 193f60067258a7176ac577373ea69eba, type: 3}
      propertyPath: m_LocalRotation.y
      value: 0
      objectReference: {fileID: 0}
    - target: {fileID: 8887520157746690173, guid: 193f60067258a7176ac577373ea69eba, type: 3}
      propertyPath: m_LocalRotation.z
      value: 0
      objectReference: {fileID: 0}
    - target: {fileID: 8887520157746690173, guid: 193f60067258a7176ac577373ea69eba, type: 3}
      propertyPath: m_AnchoredPosition.x
      value: 0
      objectReference: {fileID: 0}
    - target: {fileID: 8887520157746690173, guid: 193f60067258a7176ac577373ea69eba, type: 3}
      propertyPath: m_AnchoredPosition.y
      value: 0
      objectReference: {fileID: 0}
    - target: {fileID: 8887520157746690173, guid: 193f60067258a7176ac577373ea69eba, type: 3}
      propertyPath: m_LocalEulerAnglesHint.x
      value: 0
      objectReference: {fileID: 0}
    - target: {fileID: 8887520157746690173, guid: 193f60067258a7176ac577373ea69eba, type: 3}
      propertyPath: m_LocalEulerAnglesHint.y
      value: 0
      objectReference: {fileID: 0}
    - target: {fileID: 8887520157746690173, guid: 193f60067258a7176ac577373ea69eba, type: 3}
      propertyPath: m_LocalEulerAnglesHint.z
      value: 0
      objectReference: {fileID: 0}
    m_RemovedComponents: []
  m_SourcePrefab: {fileID: 100100000, guid: 193f60067258a7176ac577373ea69eba, type: 3}
--- !u!1 &7332243422026118153 stripped
GameObject:
  m_CorrespondingSourceObject: {fileID: 7017858229800252058, guid: 193f60067258a7176ac577373ea69eba, type: 3}
  m_PrefabInstance: {fileID: 334722589002040979}
  m_PrefabAsset: {fileID: 0}
--- !u!1 &6951549284443256389 stripped
GameObject:
  m_CorrespondingSourceObject: {fileID: 7268230723672764630, guid: 193f60067258a7176ac577373ea69eba, type: 3}
  m_PrefabInstance: {fileID: 334722589002040979}
  m_PrefabAsset: {fileID: 0}
--- !u!224 &9219990029405355758 stripped
RectTransform:
  m_CorrespondingSourceObject: {fileID: 8887520157746690173, guid: 193f60067258a7176ac577373ea69eba, type: 3}
  m_PrefabInstance: {fileID: 334722589002040979}
  m_PrefabAsset: {fileID: 0}
--- !u!114 &4153937562603132610 stripped
MonoBehaviour:
  m_CorrespondingSourceObject: {fileID: 4395773132063412305, guid: 193f60067258a7176ac577373ea69eba, type: 3}
  m_PrefabInstance: {fileID: 334722589002040979}
  m_PrefabAsset: {fileID: 0}
  m_GameObject: {fileID: 7332243422026118153}
  m_Enabled: 1
  m_EditorHideFlags: 0
  m_Script: {fileID: 11500000, guid: f4688fdb7df04437aeb418b961361dc5, type: 3}
  m_Name: 
  m_EditorClassIdentifier: 
--- !u!1001 &493122564193499949
PrefabInstance:
  m_ObjectHideFlags: 0
  serializedVersion: 2
  m_Modification:
    m_TransformParent: {fileID: 173778786886474103}
    m_Modifications:
    - target: {fileID: 870639280558477774, guid: a8a2d32ee84b0535b83045b78b5f0b45, type: 3}
      propertyPath: m_Pivot.x
      value: 0.5
      objectReference: {fileID: 0}
    - target: {fileID: 870639280558477774, guid: a8a2d32ee84b0535b83045b78b5f0b45, type: 3}
      propertyPath: m_Pivot.y
      value: 0.5
      objectReference: {fileID: 0}
    - target: {fileID: 870639280558477774, guid: a8a2d32ee84b0535b83045b78b5f0b45, type: 3}
      propertyPath: m_RootOrder
      value: 1
      objectReference: {fileID: 0}
    - target: {fileID: 870639280558477774, guid: a8a2d32ee84b0535b83045b78b5f0b45, type: 3}
      propertyPath: m_AnchorMax.x
      value: 1
      objectReference: {fileID: 0}
    - target: {fileID: 870639280558477774, guid: a8a2d32ee84b0535b83045b78b5f0b45, type: 3}
      propertyPath: m_AnchorMax.y
      value: 1
      objectReference: {fileID: 0}
    - target: {fileID: 870639280558477774, guid: a8a2d32ee84b0535b83045b78b5f0b45, type: 3}
      propertyPath: m_AnchorMin.x
      value: 0
      objectReference: {fileID: 0}
    - target: {fileID: 870639280558477774, guid: a8a2d32ee84b0535b83045b78b5f0b45, type: 3}
      propertyPath: m_AnchorMin.y
      value: 0
      objectReference: {fileID: 0}
    - target: {fileID: 870639280558477774, guid: a8a2d32ee84b0535b83045b78b5f0b45, type: 3}
      propertyPath: m_SizeDelta.x
      value: -524.31
      objectReference: {fileID: 0}
    - target: {fileID: 870639280558477774, guid: a8a2d32ee84b0535b83045b78b5f0b45, type: 3}
      propertyPath: m_SizeDelta.y
      value: -252
      objectReference: {fileID: 0}
    - target: {fileID: 870639280558477774, guid: a8a2d32ee84b0535b83045b78b5f0b45, type: 3}
      propertyPath: m_LocalPosition.x
      value: 0
      objectReference: {fileID: 0}
    - target: {fileID: 870639280558477774, guid: a8a2d32ee84b0535b83045b78b5f0b45, type: 3}
      propertyPath: m_LocalPosition.y
      value: 0
      objectReference: {fileID: 0}
    - target: {fileID: 870639280558477774, guid: a8a2d32ee84b0535b83045b78b5f0b45, type: 3}
      propertyPath: m_LocalPosition.z
      value: 0
      objectReference: {fileID: 0}
    - target: {fileID: 870639280558477774, guid: a8a2d32ee84b0535b83045b78b5f0b45, type: 3}
      propertyPath: m_LocalRotation.w
      value: 1
      objectReference: {fileID: 0}
    - target: {fileID: 870639280558477774, guid: a8a2d32ee84b0535b83045b78b5f0b45, type: 3}
      propertyPath: m_LocalRotation.x
      value: 0
      objectReference: {fileID: 0}
    - target: {fileID: 870639280558477774, guid: a8a2d32ee84b0535b83045b78b5f0b45, type: 3}
      propertyPath: m_LocalRotation.y
      value: 0
      objectReference: {fileID: 0}
    - target: {fileID: 870639280558477774, guid: a8a2d32ee84b0535b83045b78b5f0b45, type: 3}
      propertyPath: m_LocalRotation.z
      value: 0
      objectReference: {fileID: 0}
    - target: {fileID: 870639280558477774, guid: a8a2d32ee84b0535b83045b78b5f0b45, type: 3}
      propertyPath: m_AnchoredPosition.x
      value: 0.8449707
      objectReference: {fileID: 0}
    - target: {fileID: 870639280558477774, guid: a8a2d32ee84b0535b83045b78b5f0b45, type: 3}
      propertyPath: m_AnchoredPosition.y
      value: 0
      objectReference: {fileID: 0}
    - target: {fileID: 870639280558477774, guid: a8a2d32ee84b0535b83045b78b5f0b45, type: 3}
      propertyPath: m_LocalEulerAnglesHint.x
      value: 0
      objectReference: {fileID: 0}
    - target: {fileID: 870639280558477774, guid: a8a2d32ee84b0535b83045b78b5f0b45, type: 3}
      propertyPath: m_LocalEulerAnglesHint.y
      value: 0
      objectReference: {fileID: 0}
    - target: {fileID: 870639280558477774, guid: a8a2d32ee84b0535b83045b78b5f0b45, type: 3}
      propertyPath: m_LocalEulerAnglesHint.z
      value: 0
      objectReference: {fileID: 0}
    - target: {fileID: 3934418590760673685, guid: a8a2d32ee84b0535b83045b78b5f0b45, type: 3}
      propertyPath: m_AnchoredPosition.x
      value: 143.80002
      objectReference: {fileID: 0}
    - target: {fileID: 9125001666563616613, guid: a8a2d32ee84b0535b83045b78b5f0b45, type: 3}
      propertyPath: m_Name
      value: Dialogues
      objectReference: {fileID: 0}
    m_RemovedComponents: []
  m_SourcePrefab: {fileID: 100100000, guid: a8a2d32ee84b0535b83045b78b5f0b45, type: 3}
--- !u!224 &775408087313623779 stripped
RectTransform:
  m_CorrespondingSourceObject: {fileID: 870639280558477774, guid: a8a2d32ee84b0535b83045b78b5f0b45, type: 3}
  m_PrefabInstance: {fileID: 493122564193499949}
  m_PrefabAsset: {fileID: 0}
--- !u!114 &3480772891955166923 stripped
MonoBehaviour:
  m_CorrespondingSourceObject: {fileID: 3934418590655071718, guid: a8a2d32ee84b0535b83045b78b5f0b45, type: 3}
  m_PrefabInstance: {fileID: 493122564193499949}
  m_PrefabAsset: {fileID: 0}
  m_GameObject: {fileID: 0}
  m_Enabled: 1
  m_EditorHideFlags: 0
  m_Script: {fileID: 11500000, guid: fe87c0e1cc204ed48ad3b37840f39efc, type: 3}
  m_Name: 
  m_EditorClassIdentifier: 
--- !u!114 &3480772892185074361 stripped
MonoBehaviour:
  m_CorrespondingSourceObject: {fileID: 3934418590760673684, guid: a8a2d32ee84b0535b83045b78b5f0b45, type: 3}
  m_PrefabInstance: {fileID: 493122564193499949}
  m_PrefabAsset: {fileID: 0}
  m_GameObject: {fileID: 0}
  m_Enabled: 1
  m_EditorHideFlags: 0
  m_Script: {fileID: 11500000, guid: fe87c0e1cc204ed48ad3b37840f39efc, type: 3}
  m_Name: 
  m_EditorClassIdentifier: 
--- !u!1 &3480772891083613377 stripped
GameObject:
  m_CorrespondingSourceObject: {fileID: 3934418589647544300, guid: a8a2d32ee84b0535b83045b78b5f0b45, type: 3}
  m_PrefabInstance: {fileID: 493122564193499949}
  m_PrefabAsset: {fileID: 0}
--- !u!114 &3480772890899139354 stripped
MonoBehaviour:
  m_CorrespondingSourceObject: {fileID: 3934418589563613239, guid: a8a2d32ee84b0535b83045b78b5f0b45, type: 3}
  m_PrefabInstance: {fileID: 493122564193499949}
  m_PrefabAsset: {fileID: 0}
  m_GameObject: {fileID: 0}
  m_Enabled: 1
  m_EditorHideFlags: 0
  m_Script: {fileID: 11500000, guid: f4688fdb7df04437aeb418b961361dc5, type: 3}
  m_Name: 
  m_EditorClassIdentifier: 
--- !u!1001 &850667165851408727
PrefabInstance:
  m_ObjectHideFlags: 0
  serializedVersion: 2
  m_Modification:
    m_TransformParent: {fileID: 7507436202109536445}
    m_Modifications:
    - target: {fileID: 1534406632315319299, guid: 193f60067258a7176ac577373ea69eba, type: 3}
      propertyPath: m_AnchoredPosition.y
      value: 0
      objectReference: {fileID: 0}
    - target: {fileID: 2807509972386621450, guid: 193f60067258a7176ac577373ea69eba, type: 3}
      propertyPath: m_SizeDelta.x
      value: 463.026
      objectReference: {fileID: 0}
    - target: {fileID: 2807509972386621450, guid: 193f60067258a7176ac577373ea69eba, type: 3}
      propertyPath: m_SizeDelta.y
      value: 144.4444
      objectReference: {fileID: 0}
    - target: {fileID: 2807509972386621450, guid: 193f60067258a7176ac577373ea69eba, type: 3}
      propertyPath: m_AnchoredPosition.x
      value: 0
      objectReference: {fileID: 0}
    - target: {fileID: 2807509972386621450, guid: 193f60067258a7176ac577373ea69eba, type: 3}
      propertyPath: m_AnchoredPosition.y
      value: 0
      objectReference: {fileID: 0}
    - target: {fileID: 4395773132063412305, guid: 193f60067258a7176ac577373ea69eba, type: 3}
      propertyPath: m_text
      value: "Si deux paquets arrivent en m\xEAme temps sur un s\xE9parateur, ils
        ne se collisionnent pas, ils fusionnent.\n"
      objectReference: {fileID: 0}
    - target: {fileID: 4395773132063412305, guid: 193f60067258a7176ac577373ea69eba, type: 3}
      propertyPath: m_fontSize
      value: 25
      objectReference: {fileID: 0}
    - target: {fileID: 4395773132063412305, guid: 193f60067258a7176ac577373ea69eba, type: 3}
      propertyPath: m_fontSizeBase
      value: 25
      objectReference: {fileID: 0}
    - target: {fileID: 4715564421830494084, guid: 193f60067258a7176ac577373ea69eba, type: 3}
      propertyPath: m_SizeDelta.x
      value: 304.09
      objectReference: {fileID: 0}
    - target: {fileID: 4715564421830494084, guid: 193f60067258a7176ac577373ea69eba, type: 3}
      propertyPath: m_SizeDelta.y
      value: 164.12
      objectReference: {fileID: 0}
    - target: {fileID: 4715564421830494084, guid: 193f60067258a7176ac577373ea69eba, type: 3}
      propertyPath: m_AnchoredPosition.x
      value: 0
      objectReference: {fileID: 0}
    - target: {fileID: 4715564421830494084, guid: 193f60067258a7176ac577373ea69eba, type: 3}
      propertyPath: m_AnchoredPosition.y
      value: -88
      objectReference: {fileID: 0}
    - target: {fileID: 4807034106930784952, guid: 193f60067258a7176ac577373ea69eba, type: 3}
      propertyPath: m_Sprite
      value: 
      objectReference: {fileID: 21300000, guid: fbbef604c478b214ab1ca14bec4b4baf, type: 3}
    - target: {fileID: 7268230723672764630, guid: 193f60067258a7176ac577373ea69eba, type: 3}
      propertyPath: m_Name
      value: ExplicFusing
      objectReference: {fileID: 0}
    - target: {fileID: 7268230723672764630, guid: 193f60067258a7176ac577373ea69eba, type: 3}
      propertyPath: m_IsActive
      value: 0
      objectReference: {fileID: 0}
    - target: {fileID: 7648887007405394973, guid: 193f60067258a7176ac577373ea69eba, type: 3}
      propertyPath: m_Name
      value: image
      objectReference: {fileID: 0}
    - target: {fileID: 7648887007405394973, guid: 193f60067258a7176ac577373ea69eba, type: 3}
      propertyPath: m_IsActive
      value: 0
      objectReference: {fileID: 0}
    - target: {fileID: 8887520157746690173, guid: 193f60067258a7176ac577373ea69eba, type: 3}
      propertyPath: m_Pivot.x
      value: 0.5
      objectReference: {fileID: 0}
    - target: {fileID: 8887520157746690173, guid: 193f60067258a7176ac577373ea69eba, type: 3}
      propertyPath: m_Pivot.y
      value: 0.5
      objectReference: {fileID: 0}
    - target: {fileID: 8887520157746690173, guid: 193f60067258a7176ac577373ea69eba, type: 3}
      propertyPath: m_RootOrder
      value: 0
      objectReference: {fileID: 0}
    - target: {fileID: 8887520157746690173, guid: 193f60067258a7176ac577373ea69eba, type: 3}
      propertyPath: m_AnchorMax.x
      value: 1
      objectReference: {fileID: 0}
    - target: {fileID: 8887520157746690173, guid: 193f60067258a7176ac577373ea69eba, type: 3}
      propertyPath: m_AnchorMax.y
      value: 1
      objectReference: {fileID: 0}
    - target: {fileID: 8887520157746690173, guid: 193f60067258a7176ac577373ea69eba, type: 3}
      propertyPath: m_AnchorMin.x
      value: 0
      objectReference: {fileID: 0}
    - target: {fileID: 8887520157746690173, guid: 193f60067258a7176ac577373ea69eba, type: 3}
      propertyPath: m_AnchorMin.y
      value: 0
      objectReference: {fileID: 0}
    - target: {fileID: 8887520157746690173, guid: 193f60067258a7176ac577373ea69eba, type: 3}
      propertyPath: m_SizeDelta.x
      value: 0
      objectReference: {fileID: 0}
    - target: {fileID: 8887520157746690173, guid: 193f60067258a7176ac577373ea69eba, type: 3}
      propertyPath: m_SizeDelta.y
      value: 0
      objectReference: {fileID: 0}
    - target: {fileID: 8887520157746690173, guid: 193f60067258a7176ac577373ea69eba, type: 3}
      propertyPath: m_LocalPosition.x
      value: 0
      objectReference: {fileID: 0}
    - target: {fileID: 8887520157746690173, guid: 193f60067258a7176ac577373ea69eba, type: 3}
      propertyPath: m_LocalPosition.y
      value: 0
      objectReference: {fileID: 0}
    - target: {fileID: 8887520157746690173, guid: 193f60067258a7176ac577373ea69eba, type: 3}
      propertyPath: m_LocalPosition.z
      value: 0
      objectReference: {fileID: 0}
    - target: {fileID: 8887520157746690173, guid: 193f60067258a7176ac577373ea69eba, type: 3}
      propertyPath: m_LocalRotation.w
      value: 1
      objectReference: {fileID: 0}
    - target: {fileID: 8887520157746690173, guid: 193f60067258a7176ac577373ea69eba, type: 3}
      propertyPath: m_LocalRotation.x
      value: 0
      objectReference: {fileID: 0}
    - target: {fileID: 8887520157746690173, guid: 193f60067258a7176ac577373ea69eba, type: 3}
      propertyPath: m_LocalRotation.y
      value: 0
      objectReference: {fileID: 0}
    - target: {fileID: 8887520157746690173, guid: 193f60067258a7176ac577373ea69eba, type: 3}
      propertyPath: m_LocalRotation.z
      value: 0
      objectReference: {fileID: 0}
    - target: {fileID: 8887520157746690173, guid: 193f60067258a7176ac577373ea69eba, type: 3}
      propertyPath: m_AnchoredPosition.x
      value: 0
      objectReference: {fileID: 0}
    - target: {fileID: 8887520157746690173, guid: 193f60067258a7176ac577373ea69eba, type: 3}
      propertyPath: m_AnchoredPosition.y
      value: 0
      objectReference: {fileID: 0}
    - target: {fileID: 8887520157746690173, guid: 193f60067258a7176ac577373ea69eba, type: 3}
      propertyPath: m_LocalEulerAnglesHint.x
      value: 0
      objectReference: {fileID: 0}
    - target: {fileID: 8887520157746690173, guid: 193f60067258a7176ac577373ea69eba, type: 3}
      propertyPath: m_LocalEulerAnglesHint.y
      value: 0
      objectReference: {fileID: 0}
    - target: {fileID: 8887520157746690173, guid: 193f60067258a7176ac577373ea69eba, type: 3}
      propertyPath: m_LocalEulerAnglesHint.z
      value: 0
      objectReference: {fileID: 0}
    m_RemovedComponents: []
  m_SourcePrefab: {fileID: 100100000, guid: 193f60067258a7176ac577373ea69eba, type: 3}
--- !u!224 &8113513150268317994 stripped
RectTransform:
  m_CorrespondingSourceObject: {fileID: 8887520157746690173, guid: 193f60067258a7176ac577373ea69eba, type: 3}
  m_PrefabInstance: {fileID: 850667165851408727}
  m_PrefabAsset: {fileID: 0}
--- !u!224 &3258471111332065629 stripped
RectTransform:
  m_CorrespondingSourceObject: {fileID: 2807509972386621450, guid: 193f60067258a7176ac577373ea69eba, type: 3}
  m_PrefabInstance: {fileID: 850667165851408727}
  m_PrefabAsset: {fileID: 0}
--- !u!1 &7686058687879900109 stripped
GameObject:
  m_CorrespondingSourceObject: {fileID: 7017858229800252058, guid: 193f60067258a7176ac577373ea69eba, type: 3}
  m_PrefabInstance: {fileID: 850667165851408727}
  m_PrefabAsset: {fileID: 0}
--- !u!114 &3949306234010716422 stripped
MonoBehaviour:
  m_CorrespondingSourceObject: {fileID: 4395773132063412305, guid: 193f60067258a7176ac577373ea69eba, type: 3}
  m_PrefabInstance: {fileID: 850667165851408727}
  m_PrefabAsset: {fileID: 0}
  m_GameObject: {fileID: 7686058687879900109}
  m_Enabled: 1
  m_EditorHideFlags: 0
  m_Script: {fileID: 11500000, guid: f4688fdb7df04437aeb418b961361dc5, type: 3}
  m_Name: 
  m_EditorClassIdentifier: 
--- !u!1 &8003982934190139777 stripped
GameObject:
  m_CorrespondingSourceObject: {fileID: 7268230723672764630, guid: 193f60067258a7176ac577373ea69eba, type: 3}
  m_PrefabInstance: {fileID: 850667165851408727}
  m_PrefabAsset: {fileID: 0}
--- !u!1001 &5710337240452684782
PrefabInstance:
  m_ObjectHideFlags: 0
  serializedVersion: 2
  m_Modification:
    m_TransformParent: {fileID: 7507436202109536445}
    m_Modifications:
    - target: {fileID: 2807509972386621450, guid: 193f60067258a7176ac577373ea69eba, type: 3}
      propertyPath: m_SizeDelta.x
      value: 490.5093
      objectReference: {fileID: 0}
    - target: {fileID: 2807509972386621450, guid: 193f60067258a7176ac577373ea69eba, type: 3}
      propertyPath: m_SizeDelta.y
      value: 126.4509
      objectReference: {fileID: 0}
    - target: {fileID: 2807509972386621450, guid: 193f60067258a7176ac577373ea69eba, type: 3}
      propertyPath: m_AnchoredPosition.x
      value: 0
      objectReference: {fileID: 0}
    - target: {fileID: 2807509972386621450, guid: 193f60067258a7176ac577373ea69eba, type: 3}
      propertyPath: m_AnchoredPosition.y
      value: 0
      objectReference: {fileID: 0}
    - target: {fileID: 4395773132063412305, guid: 193f60067258a7176ac577373ea69eba, type: 3}
      propertyPath: m_text
      value: "Essaie maintenant de fusionner deux paquets \xE0 1 fauxton pour obtenir
        un paquet \xE0 2 fauxtons !"
      objectReference: {fileID: 0}
    - target: {fileID: 4395773132063412305, guid: 193f60067258a7176ac577373ea69eba, type: 3}
      propertyPath: m_fontSize
      value: 25
      objectReference: {fileID: 0}
    - target: {fileID: 4395773132063412305, guid: 193f60067258a7176ac577373ea69eba, type: 3}
      propertyPath: m_fontSizeBase
      value: 25
      objectReference: {fileID: 0}
    - target: {fileID: 4715564421830494084, guid: 193f60067258a7176ac577373ea69eba, type: 3}
      propertyPath: m_SizeDelta.x
      value: 48
      objectReference: {fileID: 0}
    - target: {fileID: 4715564421830494084, guid: 193f60067258a7176ac577373ea69eba, type: 3}
      propertyPath: m_SizeDelta.y
      value: 48
      objectReference: {fileID: 0}
    - target: {fileID: 4715564421830494084, guid: 193f60067258a7176ac577373ea69eba, type: 3}
      propertyPath: m_AnchoredPosition.x
      value: -305
      objectReference: {fileID: 0}
    - target: {fileID: 4715564421830494084, guid: 193f60067258a7176ac577373ea69eba, type: 3}
      propertyPath: m_AnchoredPosition.y
      value: 153
      objectReference: {fileID: 0}
    - target: {fileID: 7268230723672764630, guid: 193f60067258a7176ac577373ea69eba, type: 3}
      propertyPath: m_Name
      value: ExplicFusing3
      objectReference: {fileID: 0}
    - target: {fileID: 7268230723672764630, guid: 193f60067258a7176ac577373ea69eba, type: 3}
      propertyPath: m_IsActive
      value: 0
      objectReference: {fileID: 0}
    - target: {fileID: 7648887007405394973, guid: 193f60067258a7176ac577373ea69eba, type: 3}
      propertyPath: m_IsActive
      value: 0
      objectReference: {fileID: 0}
    - target: {fileID: 8887520157746690173, guid: 193f60067258a7176ac577373ea69eba, type: 3}
      propertyPath: m_Pivot.x
      value: 0.5
      objectReference: {fileID: 0}
    - target: {fileID: 8887520157746690173, guid: 193f60067258a7176ac577373ea69eba, type: 3}
      propertyPath: m_Pivot.y
      value: 0.5
      objectReference: {fileID: 0}
    - target: {fileID: 8887520157746690173, guid: 193f60067258a7176ac577373ea69eba, type: 3}
      propertyPath: m_RootOrder
      value: 3
      objectReference: {fileID: 0}
    - target: {fileID: 8887520157746690173, guid: 193f60067258a7176ac577373ea69eba, type: 3}
      propertyPath: m_AnchorMax.x
      value: 1
      objectReference: {fileID: 0}
    - target: {fileID: 8887520157746690173, guid: 193f60067258a7176ac577373ea69eba, type: 3}
      propertyPath: m_AnchorMax.y
      value: 1
      objectReference: {fileID: 0}
    - target: {fileID: 8887520157746690173, guid: 193f60067258a7176ac577373ea69eba, type: 3}
      propertyPath: m_AnchorMin.x
      value: 0
      objectReference: {fileID: 0}
    - target: {fileID: 8887520157746690173, guid: 193f60067258a7176ac577373ea69eba, type: 3}
      propertyPath: m_AnchorMin.y
      value: 0
      objectReference: {fileID: 0}
    - target: {fileID: 8887520157746690173, guid: 193f60067258a7176ac577373ea69eba, type: 3}
      propertyPath: m_SizeDelta.x
      value: 0
      objectReference: {fileID: 0}
    - target: {fileID: 8887520157746690173, guid: 193f60067258a7176ac577373ea69eba, type: 3}
      propertyPath: m_SizeDelta.y
      value: 0
      objectReference: {fileID: 0}
    - target: {fileID: 8887520157746690173, guid: 193f60067258a7176ac577373ea69eba, type: 3}
      propertyPath: m_LocalPosition.x
      value: 0
      objectReference: {fileID: 0}
    - target: {fileID: 8887520157746690173, guid: 193f60067258a7176ac577373ea69eba, type: 3}
      propertyPath: m_LocalPosition.y
      value: 0
      objectReference: {fileID: 0}
    - target: {fileID: 8887520157746690173, guid: 193f60067258a7176ac577373ea69eba, type: 3}
      propertyPath: m_LocalPosition.z
      value: 0
      objectReference: {fileID: 0}
    - target: {fileID: 8887520157746690173, guid: 193f60067258a7176ac577373ea69eba, type: 3}
      propertyPath: m_LocalRotation.w
      value: 1
      objectReference: {fileID: 0}
    - target: {fileID: 8887520157746690173, guid: 193f60067258a7176ac577373ea69eba, type: 3}
      propertyPath: m_LocalRotation.x
      value: 0
      objectReference: {fileID: 0}
    - target: {fileID: 8887520157746690173, guid: 193f60067258a7176ac577373ea69eba, type: 3}
      propertyPath: m_LocalRotation.y
      value: 0
      objectReference: {fileID: 0}
    - target: {fileID: 8887520157746690173, guid: 193f60067258a7176ac577373ea69eba, type: 3}
      propertyPath: m_LocalRotation.z
      value: 0
      objectReference: {fileID: 0}
    - target: {fileID: 8887520157746690173, guid: 193f60067258a7176ac577373ea69eba, type: 3}
      propertyPath: m_AnchoredPosition.x
      value: 0
      objectReference: {fileID: 0}
    - target: {fileID: 8887520157746690173, guid: 193f60067258a7176ac577373ea69eba, type: 3}
      propertyPath: m_AnchoredPosition.y
      value: 0
      objectReference: {fileID: 0}
    - target: {fileID: 8887520157746690173, guid: 193f60067258a7176ac577373ea69eba, type: 3}
      propertyPath: m_LocalEulerAnglesHint.x
      value: 0
      objectReference: {fileID: 0}
    - target: {fileID: 8887520157746690173, guid: 193f60067258a7176ac577373ea69eba, type: 3}
      propertyPath: m_LocalEulerAnglesHint.y
      value: 0
      objectReference: {fileID: 0}
    - target: {fileID: 8887520157746690173, guid: 193f60067258a7176ac577373ea69eba, type: 3}
      propertyPath: m_LocalEulerAnglesHint.z
      value: 0
      objectReference: {fileID: 0}
    m_RemovedComponents: []
  m_SourcePrefab: {fileID: 100100000, guid: 193f60067258a7176ac577373ea69eba, type: 3}
--- !u!1 &3162301143628229432 stripped
GameObject:
  m_CorrespondingSourceObject: {fileID: 7268230723672764630, guid: 193f60067258a7176ac577373ea69eba, type: 3}
  m_PrefabInstance: {fileID: 5710337240452684782}
  m_PrefabAsset: {fileID: 0}
--- !u!224 &3776797195529921427 stripped
RectTransform:
  m_CorrespondingSourceObject: {fileID: 8887520157746690173, guid: 193f60067258a7176ac577373ea69eba, type: 3}
  m_PrefabInstance: {fileID: 5710337240452684782}
  m_PrefabAsset: {fileID: 0}
--- !u!1 &3340335668031547764 stripped
GameObject:
  m_CorrespondingSourceObject: {fileID: 7017858229800252058, guid: 193f60067258a7176ac577373ea69eba, type: 3}
  m_PrefabInstance: {fileID: 5710337240452684782}
  m_PrefabAsset: {fileID: 0}
--- !u!114 &8232541810359356351 stripped
MonoBehaviour:
  m_CorrespondingSourceObject: {fileID: 4395773132063412305, guid: 193f60067258a7176ac577373ea69eba, type: 3}
  m_PrefabInstance: {fileID: 5710337240452684782}
  m_PrefabAsset: {fileID: 0}
  m_GameObject: {fileID: 3340335668031547764}
  m_Enabled: 1
  m_EditorHideFlags: 0
  m_Script: {fileID: 11500000, guid: f4688fdb7df04437aeb418b961361dc5, type: 3}
  m_Name: 
  m_EditorClassIdentifier: 
--- !u!1001 &8870013056672495448
PrefabInstance:
  m_ObjectHideFlags: 0
  serializedVersion: 2
  m_Modification:
    m_TransformParent: {fileID: 7507436202109536445}
    m_Modifications:
    - target: {fileID: 1534406632315319299, guid: 193f60067258a7176ac577373ea69eba, type: 3}
      propertyPath: m_AnchoredPosition.y
      value: 0
      objectReference: {fileID: 0}
    - target: {fileID: 2807509972386621450, guid: 193f60067258a7176ac577373ea69eba, type: 3}
      propertyPath: m_SizeDelta.x
      value: 446.9503
      objectReference: {fileID: 0}
    - target: {fileID: 2807509972386621450, guid: 193f60067258a7176ac577373ea69eba, type: 3}
      propertyPath: m_SizeDelta.y
      value: 168.5579
      objectReference: {fileID: 0}
    - target: {fileID: 2807509972386621450, guid: 193f60067258a7176ac577373ea69eba, type: 3}
      propertyPath: m_AnchoredPosition.x
      value: 0
      objectReference: {fileID: 0}
    - target: {fileID: 2807509972386621450, guid: 193f60067258a7176ac577373ea69eba, type: 3}
      propertyPath: m_AnchoredPosition.y
      value: 0
      objectReference: {fileID: 0}
    - target: {fileID: 4395773132063412305, guid: 193f60067258a7176ac577373ea69eba, type: 3}
      propertyPath: m_text
      value: "Tu observes ici une propri\xE9t\xE9 int\xE9ressante des bosons comme
        les photons et les fauxtons : ils ont tendances \xE0 se regrouper.\n"
      objectReference: {fileID: 0}
    - target: {fileID: 4395773132063412305, guid: 193f60067258a7176ac577373ea69eba, type: 3}
      propertyPath: m_fontSize
      value: 25
      objectReference: {fileID: 0}
    - target: {fileID: 4395773132063412305, guid: 193f60067258a7176ac577373ea69eba, type: 3}
      propertyPath: m_fontSizeBase
      value: 25
      objectReference: {fileID: 0}
    - target: {fileID: 4715564421830494084, guid: 193f60067258a7176ac577373ea69eba, type: 3}
      propertyPath: m_SizeDelta.x
      value: 304.09
      objectReference: {fileID: 0}
    - target: {fileID: 4715564421830494084, guid: 193f60067258a7176ac577373ea69eba, type: 3}
      propertyPath: m_SizeDelta.y
      value: 164.12
      objectReference: {fileID: 0}
    - target: {fileID: 4715564421830494084, guid: 193f60067258a7176ac577373ea69eba, type: 3}
      propertyPath: m_AnchoredPosition.x
      value: 0
      objectReference: {fileID: 0}
    - target: {fileID: 4715564421830494084, guid: 193f60067258a7176ac577373ea69eba, type: 3}
      propertyPath: m_AnchoredPosition.y
      value: -88
      objectReference: {fileID: 0}
    - target: {fileID: 4807034106930784952, guid: 193f60067258a7176ac577373ea69eba, type: 3}
      propertyPath: m_Sprite
      value: 
      objectReference: {fileID: 21300000, guid: fbbef604c478b214ab1ca14bec4b4baf, type: 3}
    - target: {fileID: 7268230723672764630, guid: 193f60067258a7176ac577373ea69eba, type: 3}
      propertyPath: m_Name
      value: ExplicFusing1.5
      objectReference: {fileID: 0}
    - target: {fileID: 7268230723672764630, guid: 193f60067258a7176ac577373ea69eba, type: 3}
      propertyPath: m_IsActive
      value: 0
      objectReference: {fileID: 0}
    - target: {fileID: 7648887007405394973, guid: 193f60067258a7176ac577373ea69eba, type: 3}
      propertyPath: m_Name
      value: image
      objectReference: {fileID: 0}
    - target: {fileID: 7648887007405394973, guid: 193f60067258a7176ac577373ea69eba, type: 3}
      propertyPath: m_IsActive
      value: 0
      objectReference: {fileID: 0}
    - target: {fileID: 8887520157746690173, guid: 193f60067258a7176ac577373ea69eba, type: 3}
      propertyPath: m_Pivot.x
      value: 0.5
      objectReference: {fileID: 0}
    - target: {fileID: 8887520157746690173, guid: 193f60067258a7176ac577373ea69eba, type: 3}
      propertyPath: m_Pivot.y
      value: 0.5
      objectReference: {fileID: 0}
    - target: {fileID: 8887520157746690173, guid: 193f60067258a7176ac577373ea69eba, type: 3}
      propertyPath: m_RootOrder
      value: 1
      objectReference: {fileID: 0}
    - target: {fileID: 8887520157746690173, guid: 193f60067258a7176ac577373ea69eba, type: 3}
      propertyPath: m_AnchorMax.x
      value: 1
      objectReference: {fileID: 0}
    - target: {fileID: 8887520157746690173, guid: 193f60067258a7176ac577373ea69eba, type: 3}
      propertyPath: m_AnchorMax.y
      value: 1
      objectReference: {fileID: 0}
    - target: {fileID: 8887520157746690173, guid: 193f60067258a7176ac577373ea69eba, type: 3}
      propertyPath: m_AnchorMin.x
      value: 0
      objectReference: {fileID: 0}
    - target: {fileID: 8887520157746690173, guid: 193f60067258a7176ac577373ea69eba, type: 3}
      propertyPath: m_AnchorMin.y
      value: 0
      objectReference: {fileID: 0}
    - target: {fileID: 8887520157746690173, guid: 193f60067258a7176ac577373ea69eba, type: 3}
      propertyPath: m_SizeDelta.x
      value: 0
      objectReference: {fileID: 0}
    - target: {fileID: 8887520157746690173, guid: 193f60067258a7176ac577373ea69eba, type: 3}
      propertyPath: m_SizeDelta.y
      value: 0
      objectReference: {fileID: 0}
    - target: {fileID: 8887520157746690173, guid: 193f60067258a7176ac577373ea69eba, type: 3}
      propertyPath: m_LocalPosition.x
      value: 0
      objectReference: {fileID: 0}
    - target: {fileID: 8887520157746690173, guid: 193f60067258a7176ac577373ea69eba, type: 3}
      propertyPath: m_LocalPosition.y
      value: 0
      objectReference: {fileID: 0}
    - target: {fileID: 8887520157746690173, guid: 193f60067258a7176ac577373ea69eba, type: 3}
      propertyPath: m_LocalPosition.z
      value: 0
      objectReference: {fileID: 0}
    - target: {fileID: 8887520157746690173, guid: 193f60067258a7176ac577373ea69eba, type: 3}
      propertyPath: m_LocalRotation.w
      value: 1
      objectReference: {fileID: 0}
    - target: {fileID: 8887520157746690173, guid: 193f60067258a7176ac577373ea69eba, type: 3}
      propertyPath: m_LocalRotation.x
      value: 0
      objectReference: {fileID: 0}
    - target: {fileID: 8887520157746690173, guid: 193f60067258a7176ac577373ea69eba, type: 3}
      propertyPath: m_LocalRotation.y
      value: 0
      objectReference: {fileID: 0}
    - target: {fileID: 8887520157746690173, guid: 193f60067258a7176ac577373ea69eba, type: 3}
      propertyPath: m_LocalRotation.z
      value: 0
      objectReference: {fileID: 0}
    - target: {fileID: 8887520157746690173, guid: 193f60067258a7176ac577373ea69eba, type: 3}
      propertyPath: m_AnchoredPosition.x
      value: 0
      objectReference: {fileID: 0}
    - target: {fileID: 8887520157746690173, guid: 193f60067258a7176ac577373ea69eba, type: 3}
      propertyPath: m_AnchoredPosition.y
      value: 0
      objectReference: {fileID: 0}
    - target: {fileID: 8887520157746690173, guid: 193f60067258a7176ac577373ea69eba, type: 3}
      propertyPath: m_LocalEulerAnglesHint.x
      value: 0
      objectReference: {fileID: 0}
    - target: {fileID: 8887520157746690173, guid: 193f60067258a7176ac577373ea69eba, type: 3}
      propertyPath: m_LocalEulerAnglesHint.y
      value: 0
      objectReference: {fileID: 0}
    - target: {fileID: 8887520157746690173, guid: 193f60067258a7176ac577373ea69eba, type: 3}
      propertyPath: m_LocalEulerAnglesHint.z
      value: 0
      objectReference: {fileID: 0}
    m_RemovedComponents: []
  m_SourcePrefab: {fileID: 100100000, guid: 193f60067258a7176ac577373ea69eba, type: 3}
--- !u!1 &1908660932851123650 stripped
GameObject:
  m_CorrespondingSourceObject: {fileID: 7017858229800252058, guid: 193f60067258a7176ac577373ea69eba, type: 3}
  m_PrefabInstance: {fileID: 8870013056672495448}
  m_PrefabAsset: {fileID: 0}
--- !u!224 &6768587605676318546 stripped
RectTransform:
  m_CorrespondingSourceObject: {fileID: 2807509972386621450, guid: 193f60067258a7176ac577373ea69eba, type: 3}
  m_PrefabInstance: {fileID: 8870013056672495448}
  m_PrefabAsset: {fileID: 0}
--- !u!114 &5050912045198927625 stripped
MonoBehaviour:
  m_CorrespondingSourceObject: {fileID: 4395773132063412305, guid: 193f60067258a7176ac577373ea69eba, type: 3}
  m_PrefabInstance: {fileID: 8870013056672495448}
  m_PrefabAsset: {fileID: 0}
  m_GameObject: {fileID: 1908660932851123650}
  m_Enabled: 1
  m_EditorHideFlags: 0
  m_Script: {fileID: 11500000, guid: f4688fdb7df04437aeb418b961361dc5, type: 3}
  m_Name: 
  m_EditorClassIdentifier: 
--- !u!224 &22040397313675045 stripped
RectTransform:
  m_CorrespondingSourceObject: {fileID: 8887520157746690173, guid: 193f60067258a7176ac577373ea69eba, type: 3}
  m_PrefabInstance: {fileID: 8870013056672495448}
  m_PrefabAsset: {fileID: 0}
--- !u!1 &2289355508790986638 stripped
GameObject:
  m_CorrespondingSourceObject: {fileID: 7268230723672764630, guid: 193f60067258a7176ac577373ea69eba, type: 3}
  m_PrefabInstance: {fileID: 8870013056672495448}
  m_PrefabAsset: {fileID: 0}
