%YAML 1.1
%TAG !u! tag:unity3d.com,2011:
--- !u!1 &5082249428742087687
GameObject:
  m_ObjectHideFlags: 0
  m_CorrespondingSourceObject: {fileID: 0}
  m_PrefabInstance: {fileID: 0}
  m_PrefabAsset: {fileID: 0}
  serializedVersion: 6
  m_Component:
  - component: {fileID: 6826177778061300342}
  - component: {fileID: 4272319922074416551}
  m_Layer: 6
  m_Name: Sprite
  m_TagString: Untagged
  m_Icon: {fileID: 0}
  m_NavMeshLayer: 0
  m_StaticEditorFlags: 0
  m_IsActive: 1
--- !u!4 &6826177778061300342
Transform:
  m_ObjectHideFlags: 0
  m_CorrespondingSourceObject: {fileID: 0}
  m_PrefabInstance: {fileID: 0}
  m_PrefabAsset: {fileID: 0}
  m_GameObject: {fileID: 5082249428742087687}
  m_LocalRotation: {x: 0, y: 0, z: 0.7071068, w: 0.7071068}
  m_LocalPosition: {x: 0, y: 0, z: 0}
  m_LocalScale: {x: 1, y: 1, z: 1}
  m_Children: []
  m_Father: {fileID: 7642785151613964989}
  m_RootOrder: 1
  m_LocalEulerAnglesHint: {x: 0, y: 0, z: 90}
--- !u!212 &4272319922074416551
SpriteRenderer:
  m_ObjectHideFlags: 0
  m_CorrespondingSourceObject: {fileID: 0}
  m_PrefabInstance: {fileID: 0}
  m_PrefabAsset: {fileID: 0}
  m_GameObject: {fileID: 5082249428742087687}
  m_Enabled: 1
  m_CastShadows: 0
  m_ReceiveShadows: 0
  m_DynamicOccludee: 1
  m_MotionVectors: 1
  m_LightProbeUsage: 1
  m_ReflectionProbeUsage: 1
  m_RayTracingMode: 0
  m_RayTraceProcedural: 0
  m_RenderingLayerMask: 1
  m_RendererPriority: 0
  m_Materials:
  - {fileID: 10754, guid: 0000000000000000f000000000000000, type: 0}
  m_StaticBatchInfo:
    firstSubMesh: 0
    subMeshCount: 0
  m_StaticBatchRoot: {fileID: 0}
  m_ProbeAnchor: {fileID: 0}
  m_LightProbeVolumeOverride: {fileID: 0}
  m_ScaleInLightmap: 1
  m_ReceiveGI: 1
  m_PreserveUVs: 0
  m_IgnoreNormalsForChartDetection: 0
  m_ImportantGI: 0
  m_StitchLightmapSeams: 1
  m_SelectedEditorRenderState: 0
  m_MinimumChartSize: 4
  m_AutoUVMaxDistance: 0.5
  m_AutoUVMaxAngle: 89
  m_LightmapParameters: {fileID: 0}
  m_SortingLayerID: 1191906385
  m_SortingLayer: 2
  m_SortingOrder: 2
  m_Sprite: {fileID: 21300000, guid: 70d1dd7ebfaf53d4c8d4e9056c84301a, type: 3}
  m_Color: {r: 1, g: 1, b: 1, a: 1}
  m_FlipX: 0
  m_FlipY: 0
  m_DrawMode: 0
  m_Size: {x: 1.28, y: 1.28}
  m_AdaptiveModeThreshold: 0.5
  m_SpriteTileMode: 0
  m_WasSpriteAssigned: 1
  m_MaskInteraction: 0
  m_SpriteSortPoint: 0
--- !u!1 &5518757734091611333
GameObject:
  m_ObjectHideFlags: 0
  m_CorrespondingSourceObject: {fileID: 0}
  m_PrefabInstance: {fileID: 0}
  m_PrefabAsset: {fileID: 0}
  serializedVersion: 6
  m_Component:
  - component: {fileID: 7642785151613964989}
  - component: {fileID: 9056992546724155252}
  - component: {fileID: 5518757734091611354}
  m_Layer: 6
  m_Name: BSHalfNeg
  m_TagString: Untagged
  m_Icon: {fileID: 0}
  m_NavMeshLayer: 0
  m_StaticEditorFlags: 0
  m_IsActive: 1
--- !u!4 &7642785151613964989
Transform:
  m_ObjectHideFlags: 0
  m_CorrespondingSourceObject: {fileID: 0}
  m_PrefabInstance: {fileID: 0}
  m_PrefabAsset: {fileID: 0}
  m_GameObject: {fileID: 5518757734091611333}
  m_LocalRotation: {x: 0, y: 0, z: 0, w: 1}
  m_LocalPosition: {x: 2.0464275, y: -3.1452305, z: 34.233215}
  m_LocalScale: {x: 1, y: 1, z: 1}
  m_Children:
  - {fileID: 428847376679161588}
  - {fileID: 6826177778061300342}
  m_Father: {fileID: 0}
  m_RootOrder: 0
  m_LocalEulerAnglesHint: {x: 0, y: 0, z: 0}
--- !u!61 &9056992546724155252
BoxCollider2D:
  m_ObjectHideFlags: 0
  m_CorrespondingSourceObject: {fileID: 0}
  m_PrefabInstance: {fileID: 0}
  m_PrefabAsset: {fileID: 0}
  m_GameObject: {fileID: 5518757734091611333}
  m_Enabled: 1
  m_Density: 1
  m_Material: {fileID: 0}
  m_IsTrigger: 1
  m_UsedByEffector: 0
  m_UsedByComposite: 0
  m_Offset: {x: 0, y: 0}
  m_SpriteTilingProperty:
    border: {x: 0, y: 0, z: 0, w: 0}
    pivot: {x: 0.5, y: 0.5}
    oldSize: {x: 1.28, y: 1.28}
    newSize: {x: 1.28, y: 1.28}
    adaptiveTilingThreshold: 0.5
    drawMode: 0
    adaptiveTiling: 0
  m_AutoTiling: 0
  serializedVersion: 2
  m_Size: {x: 0.7, y: 0.7}
  m_EdgeRadius: 0
--- !u!114 &5518757734091611354
MonoBehaviour:
  m_ObjectHideFlags: 0
  m_CorrespondingSourceObject: {fileID: 0}
  m_PrefabInstance: {fileID: 0}
  m_PrefabAsset: {fileID: 0}
  m_GameObject: {fileID: 5518757734091611333}
  m_Enabled: 1
  m_EditorHideFlags: 0
  m_Script: {fileID: 11500000, guid: 2b20b09731322fc45ae30feb5caca0fb, type: 3}
  m_Name: 
  m_EditorClassIdentifier: 
  isDevPlaced: 0
  _prefabTicket: {fileID: 7281922403462977735, guid: 536ae097d20f4b74e85944308e93c23a, type: 3}
  isOnGrid: 0
  selector: {fileID: 2146439341235375389}
  _sprite: {fileID: 21300000, guid: 70d1dd7ebfaf53d4c8d4e9056c84301a, type: 3}
  spriteObject: {fileID: 0}
  isDraggable: 1
  m_orientation: 2
  selector_prefab: {fileID: 1220731241224210094, guid: ba309835a32c0f844af6fd06353359c4, type: 3}
  associatedTicket: {fileID: 0}
  associatedFaketon: {fileID: 0}
  isLinked: 0
  modeId: 0
--- !u!1001 &952871608767613875
PrefabInstance:
  m_ObjectHideFlags: 0
  serializedVersion: 2
  m_Modification:
    m_TransformParent: {fileID: 7642785151613964989}
    m_Modifications:
    - target: {fileID: 633553749364163911, guid: ba309835a32c0f844af6fd06353359c4, type: 3}
      propertyPath: m_RootOrder
      value: 0
      objectReference: {fileID: 0}
    - target: {fileID: 633553749364163911, guid: ba309835a32c0f844af6fd06353359c4, type: 3}
      propertyPath: m_LocalPosition.x
      value: 0
      objectReference: {fileID: 0}
    - target: {fileID: 633553749364163911, guid: ba309835a32c0f844af6fd06353359c4, type: 3}
      propertyPath: m_LocalPosition.y
      value: 0
      objectReference: {fileID: 0}
    - target: {fileID: 633553749364163911, guid: ba309835a32c0f844af6fd06353359c4, type: 3}
      propertyPath: m_LocalPosition.z
      value: 0
      objectReference: {fileID: 0}
    - target: {fileID: 633553749364163911, guid: ba309835a32c0f844af6fd06353359c4, type: 3}
      propertyPath: m_LocalRotation.w
      value: 1
      objectReference: {fileID: 0}
    - target: {fileID: 633553749364163911, guid: ba309835a32c0f844af6fd06353359c4, type: 3}
      propertyPath: m_LocalRotation.x
      value: 0
      objectReference: {fileID: 0}
    - target: {fileID: 633553749364163911, guid: ba309835a32c0f844af6fd06353359c4, type: 3}
      propertyPath: m_LocalRotation.y
      value: 0
      objectReference: {fileID: 0}
    - target: {fileID: 633553749364163911, guid: ba309835a32c0f844af6fd06353359c4, type: 3}
      propertyPath: m_LocalRotation.z
      value: 0
      objectReference: {fileID: 0}
    - target: {fileID: 633553749364163911, guid: ba309835a32c0f844af6fd06353359c4, type: 3}
      propertyPath: m_LocalEulerAnglesHint.x
      value: 0
      objectReference: {fileID: 0}
    - target: {fileID: 633553749364163911, guid: ba309835a32c0f844af6fd06353359c4, type: 3}
      propertyPath: m_LocalEulerAnglesHint.y
      value: 0
      objectReference: {fileID: 0}
    - target: {fileID: 633553749364163911, guid: ba309835a32c0f844af6fd06353359c4, type: 3}
      propertyPath: m_LocalEulerAnglesHint.z
      value: 0
      objectReference: {fileID: 0}
    - target: {fileID: 1220731241224210094, guid: ba309835a32c0f844af6fd06353359c4, type: 3}
      propertyPath: m_Name
      value: selector
      objectReference: {fileID: 0}
    - target: {fileID: 1220731241224210094, guid: ba309835a32c0f844af6fd06353359c4, type: 3}
      propertyPath: m_Layer
      value: 6
      objectReference: {fileID: 0}
    - target: {fileID: 1220731241224210094, guid: ba309835a32c0f844af6fd06353359c4, type: 3}
      propertyPath: m_IsActive
      value: 1
      objectReference: {fileID: 0}
    - target: {fileID: 1945727995611667573, guid: ba309835a32c0f844af6fd06353359c4, type: 3}
      propertyPath: m_SortingLayer
      value: 0
      objectReference: {fileID: 0}
    - target: {fileID: 1945727995611667573, guid: ba309835a32c0f844af6fd06353359c4, type: 3}
      propertyPath: m_SortingOrder
      value: 0
      objectReference: {fileID: 0}
    - target: {fileID: 1945727995611667573, guid: ba309835a32c0f844af6fd06353359c4, type: 3}
      propertyPath: m_SortingLayerID
      value: 0
      objectReference: {fileID: 0}
    m_RemovedComponents: []
  m_SourcePrefab: {fileID: 100100000, guid: ba309835a32c0f844af6fd06353359c4, type: 3}
--- !u!1 &2146439341235375389 stripped
GameObject:
  m_CorrespondingSourceObject: {fileID: 1220731241224210094, guid: ba309835a32c0f844af6fd06353359c4, type: 3}
  m_PrefabInstance: {fileID: 952871608767613875}
  m_PrefabAsset: {fileID: 0}
--- !u!4 &428847376679161588 stripped
Transform:
  m_CorrespondingSourceObject: {fileID: 633553749364163911, guid: ba309835a32c0f844af6fd06353359c4, type: 3}
  m_PrefabInstance: {fileID: 952871608767613875}
  m_PrefabAsset: {fileID: 0}
